3226 5078
1410 538 1488 551 ....
1582 506 1848 569 60..-

520 693 724 749 ornata
765 696 912 759 sunt,
956 708 1102 765 quae
1144 710 1310 754 sacra
1347 696 1417 754 iis
1461 703 1589 757 erat
1602 684 1678 773 1)’;
1720 702 1947 757 tantum
1988 703 2180 757 autem
2220 699 2397 771 abest,
2430 705 2496 758 ut
2524 712 2749 775 semper

514 787 624 846 hoc
663 787 881 851 factum
920 791 1013 862 sit,
1057 796 1124 850 ut
1163 793 1258 852 vel
1295 794 1590 857 hominum
1631 797 1795 871 signa
1835 797 1948 857 hoc
1986 797 2205 856 honore
2230 796 2437 857 affecta
2464 813 2586 857 esse
2617 813 2747 856 con-

515 888 645 944 stet.
730 887 793 944 in
853 889 1031 947 tertia
1089 888 1274 964 igitur
1332 892 1445 953 hac
1502 900 1672 967 parte
1721 899 1781 953 et
1831 894 1903 954 de
1956 895 2134 961 variis
2185 895 2530 955 ornamentis
2572 900 2631 953 et
2673 894 2747 954 de

525 981 658 1040 aliis
698 984 796 1056 qui
836 986 1042 1045 tributi
1082 993 1217 1065 sunt
1255 990 1430 1065 signis
1469 991 1785 1071 honoribus
1825 1009 2111 1066 exponere
2152 992 2214 1051 in
2240 993 2428 1053 animo
2454 993 2747 1052 habemus.

679 1085 738 1139 et
787 1083 996 1155 publice
1047 1085 1276 1156 quidem
1328 1089 1536 1149 statuis
1590 1090 1865 1150 ornandis
1905 1090 2187 1162 quomodo
2230 1091 2523 1164 provisum
2563 1091 2640 1149 sit
2679 1106 2752 1149 ex

520 1176 891 1250 inscriptione
931 1180 1038 1239 illa
1076 1181 1210 1242 Ohii
1250 1192 1485 1260 reperta
1495 1187 1543 1263 2)
1587 1187 1885 1261 discimus,
1919 1189 2012 1247 -de
2053 1205 2168 1262 qua
2206 1189 2321 1247 iam
2362 1194 2536 1247 antea
2574 1189 2751 1261 pluri-

520 1274 628 1334 bus
670 1275 930 1336 diximus.
1001 1280 1270 1340 iubentur
1309 1284 1460 1341 enim
1500 1285 1561 1343 in
1602 1302 1675 1344 ea
1714 1285 1931 1345 aediles
1970 1287 2031 1343 in
2071 1269 2395 1346 interluniis
2436 1286 2752 1358 ceterisque

522 1371 721 1433 diebus
761 1373 922 1471 festis
947 1376 1202 1438 Philitae
1245 1380 1408 1455 signo
1452 1382 1538 1458 (in
1578 1380 1715 1457 foro⁴
1742 1383 1853 1443 nisi
1879 1384 2057 1443 fallor
2083 1384 2391 1460 collocato)
2420 1383 2753 1443 coronando

522 1471 837 1532 consulere.
922 1489 1037 1546 qua
1088 1476 1159 1536 de
1208 1494 1383 1538 causa
1432 1480 1626 1539 nescio
1677 1497 1751 1541 an
1792 1480 2104 1542 abhorreat
2143 1498 2180 1540 a
2229 1498 2369 1541 vero
2384 1526 2398 1552 ,
2453 1481 2503 1541 si
2550 1499 2756 1541 unum-

524 1583 804 1643 quemque
865 1573 1264 1646 magistratum
1325 1577 1620 1652 signorum
1682 1595 1750 1639 eo
1802 1580 1897 1639 cui
1946 1585 2218 1653 praeerat
2265 1580 2394 1639 loco
2435 1580 2755 1652 positorum

523 1666 810 1726 rationem
850 1670 960 1729 hoc
1000 1673 1169 1732 modo
1210 1674 1478 1735 habuisse
1518 1674 1930 1755 contendimus,
1943 1677 1990 1754 3)

684 1767 864 1827 multo
906 1776 1100 1831 autem
1139 1774 1326 1833 maior
1365 1775 1550 1834 honor
1590 1793 1627 1836 a
1667 1775 2194 1837 Stratonicensibus
2236 1776 2473 1836 deorum
2516 1775 2759 1835 duorum

534 1863 858 1926 simulacris
897 1869 1148 1943 tributus
1190 1867 1347 1948 est.⁴)
1428 1890 1556 1933 cum
1597 1876 1749 1933 enim
1788 1892 1826 1934 a
1865 1876 2010 1935 Jove
2048 1875 2430 1934 Panhemerio
2471 1879 2645 1946 atque
2687 1871 2760 1931 ab

533 1964 754 2024 Hecate
797 1966 904 2026 dea
942 1967 1006 2026 in
1045 1983 1262 2028 summo
1304 1987 1498 2030 rerum
1540 1972 1868 2031 discrimine
1907 1975 2046 2031 urbs
2086 1978 2620 2056 conservatapsset,
2665 1969 2761 2028 de-

535 2068 756 2122 cretum
783 2070 890 2137 est,
921 2072 988 2125 ut
1014 2067 1252 2140 triginta
1277 2069 1760 2130 nobilissimorum
1787 2088 1858 2131 ex
1885 2071 2029 2131 urbe
2056 2071 2366 2131 liberorum
2394 2071 2760 2144 eligerentur,

535 2161 634 2230 qui
674 2163 933 2233 quotidie
974 2164 1377 2238 pulcherrimis
1417 2169 1644 2227 coronis
1680 2170 1872 2229 ornati
1900 2169 2254 2242 paedonomo
2284 2168 2427 2228 duce
2456 2167 2763 2228 simulacra

536 2257 773 2317 deorum
834 2261 896 2319 in
958 2261 1121 2320 curia
1181 2264 1464 2323 collocata
1523 2265 1752 2324 adirent
1816 2271 1876 2325 et
1935 2267 2202 2326 adstante
2252 2281 2537 2340 praecone
2592 2270 2764 2339 atque

537 2357 840 2417 citharista
880 2360 1211 2420 concinente
1251 2362 1477 2435 hymnis
1520 2363 1657 2423 deos
1699 2363 2076 2425 celebrarent.

696 2461 917 2517 statuas
957 2457 1163 2517 deinde
1202 2459 1433 2532 publico
1474 2461 1602 2520 loco
1645 2461 1867 2534 positas
1894 2478 1930 2519 a
1955 2462 2196 2534 privatis
2223 2477 2447 2535 quoque
2473 2458 2764 2521 interdum

537 2562 772 2617 ornatas
823 2573 949 2617 esse
988 2558 1288 2631 probabile
1329 2559 1592 2634 videtur3
1648 2566 1730 2620 et.
1748 2560 1915 2619 nobis
1957 2559 2185 2634 quidem
2224 2576 2338 2619 non
2379 2559 2614 2619 dubium
2656 2564 2763 2632 est,

538 2657 675 2728 quin
735 2657 980 2716 hominis
1042 2658 1188 2716 bene
1250 2657 1322 2717 de
1383 2658 1682 2732 republica
1740 2659 1932 2717 meriti
1993 2659 2235 2731 ideoque
2284 2658 2514 2732 publice
2563 2655 2771 2717 statuti

533 2755 756 2829 signum
805 2772 934 2815 cum
985 2756 1048 2814 in
1088 2757 1183 2815 die
1223 2757 1344 2816 eius
1385 2757 1566 2817 natali
1605 2762 1728 2816 tum
1768 2758 1828 2816 in
1882 2758 2014 2817 aliis
2063 2757 2317 2818 familiae
2360 2756 2559 2817 diebus
2600 2756 2769 2820 festis

534 2869 571 2912 a
609 2854 867 2928 cognatis
906 2854 1000 2913 vel
1040 2855 1241 2913 amicis
1280 2854 1549 2914 honorati
1587 2871 1704 2914 non
1729 2872 1865 2915 raro
1891 2873 2064 2929 quam
2089 2856 2476 2930 pulcherrime
2501 2859 2767 2915 ornatum

535 2951 630 3012 sit.
711 2967 825 3024 qua
885 2951 957 3011 de
1000 2968 1194 3034 ‘causa
1233 2951 1300 3012 G.
1344 2952 1391 3010 I.
1437 2953 1507 3013 G.
1548 2953 1608 3011 H
1653 2955 1808 3013 3417
1857 2953 2092 3012 titulum
2133 2953 2471 3013 'memoratu
2533 2953 2769 3026 dignum

535 3052 647 3109 huc
687 3049 904 3110 referre
945 3066 1060 3109 non
1103 3051 1442 3111 dubitamus.
1516 3051 1765 3124 Diogeni
1806 3052 1956 3110 enim
1999 3051 2224 3111 cuidam
2264 3068 2302 3110 a
2342 3057 2551 3111 senatu
2589 3047 2769 3124 popu·

536 3151 707 3223 loque
758 3155 954 3209 statua
1005 3154 1133 3209 erat
1180 3148 1618 3223 Philadelphiae
1670 3150 1885 3221 dicata}
1939 3151 1989 3210 is
2031 3156 2227 3209 autem
2281 3150 2380 3227 (ex
2421 3152 2769 3210 testamento

537 3246 836 3324 intellege)
881 3248 1107 3307 senatui
1160 3248 1425 3307 denarios
1478 3248 1637 3309 2500
1687 3253 1746 3310 et
1797 3250 2262 3322 presbyterorum
2301 3248 2569 3322 synedrio
2617 3247 2771 3305 1500

539 3347 900 3420 deposuerat,
946 3349 1119 3419 atque
1161 3347 1562 3417 constituerat,
1604 3351 1671 3407 ut
1710 3364 1919 3407 usurae
1946 3347 2080 3407 inde
2107 3348 2506 3421 provenientes
2533 3346 2607 3404 iis
2632 3360 2772 3418 quo·

684 3517 726 3585 ¹)
765 3516 871 3571 hoc
915 3527 1186 3586 apparere
1230 3513 1453 3571 videtur
1504 3532 1573 3571 ex
1621 3513 1894 3571 Artemid.
1940 3514 1998 3570 II
2044 3517 2137 3571 34:
2192 3517 2301 3575 τοῖς
2346 3515 2656 3585 προσήκουσι
2692 3502 2775 3563 καὶ

540 3605 910 3678 νενομιᾳμένοις
947 3602 1135 3657 ἄνθεσι
1170 3595 1255 3657 καὶ
1288 3602 1515 3665 κλάδὸις.
1589 3603 1687 3660 cfr.
1727 3602 1900 3660 Clem.
1937 3603 2101 3659 Alex.
2139 3601 2377 3672 Paedag.
2411 3601 2553 3672 ILp.
2586 3603 2681 3656 181
2713 3598 2772 3655 C.

547 3695 634 3751 ed.
672 3696 824 3767 sylb.
863 3696 921 3749 et
954 3692 1206 3752 Paschal.
1242 3694 1314 3751 de
1351 3711 1538 3751 coron.
1575 3709 1631 3765 p.
1671 3695 1770 3750 201
1813 3695 1874 3749 et
1907 3694 2028 3749 204.

683 3786 728 3854 ²)
767 3788 891 3840 acta
925 3800 998 3840 m.
1037 3782 1191 3839 acad.
1227 3782 1412 3839 Berol.
1453 3784 1589 3839 1863
1626 3800 1683 3854 p.
1720 3783 1841 3839 265.

687 3874 731 3944 ³)
771 3877 921 3929 certe
989 3876 1176 3929 autem
1235 3891 1308 3930 ne
1374 3874 1435 3929 in
1504 3871 1663 3927 festis
1736 3870 1961 3944 quidem
2027 3870 2223 3927 diebus
2288 3884 2480 3942 omnes
2550 3869 2777 3923 ornatae

544 3967 695 4021 sunt·
718 3967 963 4034 statuae,
1009 3962 1108 4018 sed
1153 3965 1252 4018 aut
1303 3962 1534 4019 deorum
1577 3960 1745 4018 modo
1792 3961 1913 4016 sine
1951 3960 2118 4015 dubio
2164 3959 2324 4028 signa
2360 3960 2457 4013 aut
2491 3957 2777 4013 hominum

544 4069 680 4125 prae
716 4053 916 4109 ceteris
954 4051 1022 4108 de
1056 4051 1343 4122 republica
1365 4051 1714 4107 meritorum:
1752 4049 1832 4105 sic
1857 4049 2006 4104 enim
2029 4047 2252 4103 omnino
2275 4046 2528 4116 intellegi
2573 4047 2777 4116 potest,

545 4127 697 4216 quod
728 4143 789 4198 in
823 4142 988 4198 titulo
1025 4143 1217 4197 nostro
1253 4141 1461 4196 mentio
1499 4139 1723 4194 omnino
1761 4138 1825 4193 fit
1859 4138 2023 4193 huius
2058 4137 2157 4193 rei.

688 4233 733 4304 ⁴)
775 4232 837 4290 c,
875 4232 916 4289 1.
956 4230 1021 4289 G.
1061 4230 1116 4285 11
1156 4231 1354 4288 2715a.
