3226 5078
1454 525 1893 588 -64-

558 734 779 777 morea:
834 718 1062 779 Cereris
1102 720 1256 783 enim
1297 720 1449 792 quod
1489 719 1683 779 Burae
1723 724 1851 779 erat
1890 720 2117 795 signum
2157 721 2405 794 ligneum
2446 722 2570 781 sine
2611 721 2784 782 dubio

562 821 705 888 erat,
752 832 1093 888 quamquam
1134 816 1297 876 aliud
1336 832 1407 875 ex
1449 816 1772 876 Pausaniae
1812 816 2002 876 verbis
2042 817 2318 891 colligere
2358 820 2557 892 possis.
2572 817 2619 894 ¹)

717 915 821 974 has
881 919 1076 973 autem
1136 910 1327 974 vestes
1381 914 1735 988 temporibus
1775 915 1950 975 certis
2000 916 2333 975 emundatas
2381 922 2483 976 aut
2530 918 2676 977 alias
2725 918 2788 976 in

557 1013 744 1071 locum
803 1013 1061 1085 priorum
1121 1013 1388 1074 suffectas
1427 994 1576 1073 sesse
1638 1029 1744 1086 pro
1807 1019 1967 1073 certo
2008 1018 2205 1087 potest
2242 1013 2587 1091 affirmari.²)
2669 1016 2788 1075 iam

557 1115 731 1169 antea
787 1110 939 1169 enim
999 1109 1328 1190 κατανίπτην
1380 1111 1945 1171 commemoravimus
1963 1156 1977 1181 ,
2050 1113 2148 1184 qui
2199 1112 2443 1172 Athenis
2490 1098 2788 1172 Minervae

559 1209 716 1281 pepli
755 1215 951 1281 partes
1000 1208 1209 1271 inferio
1219 1226 1311 1269 res
1351 1209 1520 1269 sorde
1560 1208 1795 1269 affectas
1835 1208 2072 1270 abluere
2115 1209 2398 1277 debebatz.
2438 1211 2790 1283 eandemque

561 1306 726 1367 deam
784 1307 1088 1379 quotannis
1102 1302 1148 1384 ³)
1199 1324 1345 1368 novo
1396 1306 1568 1381 peplo
1620 1314 1882 1367 ornatam
1932 1324 2057 1367 esse
2097 1309 2225 1380 quis
2267 1314 2356 1369 est
2395 1310 2491 1380 qui
2531 1309 2787 1369 nesciat?

563 1402 905 1476 Capitolinis
964 1421 1105 1464 vero
1167 1406 1258 1465 dis
1319 1406 1410 1466 vel
1460 1411 1648 1466 certos
1697 1411 2007 1480 propterea
2053 1422 2247 1467 servos
2297 1407 2550 1465 tributos
2589 1423 2712 1467 esse
2753 1425 2792 1471 a

560 1502 834 1562 Romanis
874 1502 1225 1578 Augustinus
1265 1521 1370 1563 nos
1412 1504 1594 1564 docet.
1609 1501 1658 1580 ⁴)
1726 1505 1880 1577 apud
1922 1505 2176 1564 Graecos
2216 1510 2411 1564 autem
2450 1504 2510 1563 in
2525 1546 2537 1559 .
2551 1505 2788 1565 dearum

560 1600 870 1674 praecipue
897 1601 1074 1675 signis
1102 1618 1270 1674 quam
1298 1603 1673 1676 pervulgatus
1699 1602 1795 1661 hic
1821 1618 1944 1662 mos
1971 1601 2160 1676 fuerit,
2193 1603 2389 1662 statim
2422 1619 2789 1677 exponemus.

720 1703 903 1757 restat
962 1699 1132 1773 enim,
1197 1705 1263 1758 ut
1323 1700 1522 1773 paucis
1573 1701 1659 1759 de.
1694 1701 1918 1774 pompis
1969 1701 2150 1760 sacris
2198 1716 2345 1773 quae
2394 1702 2627 1774 prodita
2675 1702 2792 1761 sint

560 1797 868 1856 memoriae
908 1798 1216 1858 videamus.
1293 1788 1435 1858 locis
1474 1798 1813 1871 quibusdam
1864 1800 1923 1856 in
1973 1814 2130 1857 more
2178 1798 2355 1858 fuisse
2394 1799 2791 1874 comperimus,
2866 1828 2871 1832 ·

561 1898 628 1952 ut
679 1895 852 1954 certis
900 1895 1254 1969 temporibus
1304 1912 1548 1970 pompae
1598 1898 2028 1970 perigerentur,
2083 1897 2143 1955 in
2184 1898 2388 1970 quibus
2432 1897 2670 1956 dearum
2712 1898 2796 1959 si-

558 1993 815 2052 mulacra
872 1993 1062 2068 lignea
1123 1995 1199 2054 ad
1262 2011 1468 2068 aquam
1519 1994 1866 2054 emundandi
1914 2011 2088 2054 causa
2129 1994 2601 2068 deportabantur.
2683 1994 2794 2053 hac

556 2095 749 2150 autem
803 2092 862 2150 in
901 2092 1246 2152 lustratione
1286 2109 1415 2152 cum
1456 2093 1583 2152 eius
1623 2093 1710 2152 rei
1749 2093 2034 2152 rationem
2061 2092 2318 2151 habitam
2345 2108 2486 2164 esse,
2529 2097 2597 2149 ut
2623 2092 2792 2151 sorde

556 2189 925 2248 simulacrum
966 2194 1386 2263 expurgaretur
1401 2234 1415 2262 ,
1479 2195 1600 2248 tum
1642 2196 1709 2248 ut
1750 2190 1934 2250 denuo
1978 2194 2438 2262 consecraretur,
2502 2190 2602 2248 vix
2642 2191 2792 2260 quis·

557 2303 728 2358 quam
778 2288 1095 2360 negaverit.
1165 2287 1448 2361 putabant
1499 2288 1651 2347 enim
1694 2288 1930 2360 Graeci,
1985 2304 2058 2347 ex
2106 2303 2444 2365 unoquoque
2485 2287 2788 2345 simulacro

559 2390 895 2457 consecrato
956 2402 1164 2444 numen
1226 2386 1520 2446 discedere
1580 2401 1710 2445 cum
1772 2385 1845 2445 ab
1887 2386 2117 2445 homine
2157 2386 2383 2458 impuro
2425 2372 2644 2443 tactum
2684 2389 2790 2441 aut

559 2489 926 2559 conspectum
966 2484 1134 2546 modo
1176 2489 1348 2557 esset;
1394 2484 1506 2545 hac
1547 2484 1726 2545 etiam
1766 2500 1942 2545 causa
1981 2483 2106 2543 sine
2148 2482 2330 2543 dubio
2363 2482 2505 2543 moti
2533 2487 2681 2564 sunt,
2724 2485 2790 2541 ut

558 2582 621 2640 in
681 2583 958 2643 aediculis
1017 2584 1290 2658 primum,
1354 2587 1478 2642 tum
1530 2583 1593 2641 in
1641 2582 1873 2656 templis
1911 2583 2135 2658 magnis
2175 2586 2509 2642 consecrata
2548 2581 2786 2640 deorum
2822 2630 2826 2633 ,

559 2680 876 2752 simulacra,
932 2686 1300 2755 reponerent,
1369 2696 1483 2754 quo
1542 2682 1732 2742 minus
1797 2680 1902 2739 illa
1967 2678 2263 2753 profanari
2330 2677 2581 2754 possent.
2601 2678 2650 2755 5)
2739 2679 2793 2738 si

556 2779 735 2852 igitur
775 2779 1140 2839 simulacrum
1189 2779 1475 2853 quoddam
1515 2780 1576 2839 in
1629 2779 1843 2853 templo
1900 2783 2291 2839 consecratum
2344 2776 2608 2850 graviter
2653 2793 2785 2836 con·

557 2877 899 2936 taminatum
968 2882 1095 2936 erat
1105 2876 1154 2953 ⁶)
1167 2921 1182 2950 ‚
1251 2893 1400 2937 nova
1464 2877 1895 2937 consecratione
1949 2892 2094 2950 opus
2148 2891 2273 2935 esse
2332 2873 2647 2948 putabatur
2661 2918 2675 2943 ,
2727 2873 2790 2932 id

666 3097 681 3118 ⁸
704 3096 752 3170 ¹)
785 3097 919 3155 ibid.
958 3096 1062 3152 VII
1099 3097 1186 3168 25,
1226 3100 1275 3154 9.

613 3187 618 3192 ’
702 3188 746 3256 ²)
782 3187 873 3243 vel
926 3186 995 3243 de
1049 3202 1218 3242 aureo
1263 3185 1545 3241 Minervae
1582 3184 1866 3239 simulacri
1901 3183 2074 3254 pallio
2119 3183 2435 3238 confirmari
2479 3184 2584 3239 hoc
2619 3197 2788 3253 posse

558 3276 794 3347 videtur,
831 3276 980 3348 quod
1015 3292 1128 3331 non
1166 3275 1385 3332 detrahi
1420 3273 1585 3330 modo
1623 3273 1920 3329 simulacro
1956 3272 2058 3329 sed
2093 3273 2153 3327 in
2190 3272 2439 3342 singulas
2476 3273 2644 3328 etiam
2679 3271 2790 3327 dis·

561 3367 702 3422 solvi
723 3368 913 3437 partes
937 3366 1173 3436 poterat.
1231 3381 1299 3420 ex
1317 3364 1486 3419 attico
1511 3365 1703 3419 autem
1724 3363 1888 3419 titulo
1912 3362 2210 3417 Athenocli
2236 3362 2515 3433 quondam
2537 3362 2794 3417 toreutae

558 3458 629 3514 ab
674 3456 966 3516 Athenaeo
1006 3453 1103 3521 (XI
1139 3455 1238 3510 781
1280 3454 1350 3525 E)
1396 3455 1825 3509 commemorato
1869 3452 2137 3507 traditum
2183 3450 2289 3505 hoc
2328 3444 2466 3505 'esse
2507 3450 2791 3505 Bockhius

555 3547 844 3616 ingeniose
881 3544 1130 3614 collegit3
1180 3544 1287 3600 vid.
1326 3559 1470 3615 quae
1505 3544 1566 3597 in
1602 3542 1836 3598 staatsh.
1869 3540 1929 3597 II
1966 3558 2021 3611 p.
2059 3542 2164 3596 228
2202 3556 2323 3611 sqq.
2363 3538 2433 3595 de
2469 3538 2574 3594 hoc
2610 3538 2784 3610 pallio

562 3637 834 3706 exposuit.

703 3725 746 3794 ³)
785 3725 881 3782 cfr.
920 3726 1236 3783 Schomann
1272 3723 1367 3780 alt.
1396 3722 1461 3778 ΔΙΙ
1498 3739 1553 3793 p.
1590 3726 1725 3794 471,
1761 3721 1910 3778 Bott.
1946 3720 2083 3777 tekt.
2124 3719 2179 3775 II
2213 3736 2269 3790 p.
2309 3719 2431 3775 569.

703 3814 747 3883 ⁴)
786 3815 856 3870 de
893 3816 1039 3871 civit.
1079 3815 1170 3870 dei
1208 3813 1283 3869 VI
1326 3815 1408 3870 10.

704 3902 747 3972 5)
787 3919 1124 3975 quamquam
1157 3903 1217 3957 in
1255 3899 1619 3957 sanctissimis
1654 3899 1964 3955 simulacris
1988 3914 2059 3953 ne
2083 3898 2188 3953 hoc
2214 3895 2439 3968 quidem
2462 3891 2792 3962 sufficiebat,

562 3991 913 4064 maximeque
948 3993 1008 4047 in
1056 3992 1287 4048 dearum
1323 3990 1497 4060 signis
1532 3989 1711 4044 multo
1750 3989 1918 4045 etiam
1951 3987 2218 4042 maiorem
2265 4001 2455 4040 curam
2491 3981 2794 4040 adhibitam

557 4081 895 4149 invenimus3
930 4081 1039 4138 vid.
1076 4098 1131 4152 p.
1169 4082 1256 4136 37.

702 4169 747 4240 ⁶)
786 4169 984 4225 leviter
1028 4169 1176 4224 enim
1220 4167 1386 4224 modo
1431 4165 1771 4222 maculatum
1816 4165 1877 4220 in
1918 4162 2129 4234 templo
2165 4162 2289 4234 ipso
2337 4178 2514 4234 aquae
2559 4175 2789 4231 aspersu

562 4261 861 4317 lustratum
897 4274 1019 4314 esse
1054 4256 1292 4328 videtur,
1327 4255 1477 4313 Bett.
1514 4255 1653 4312 tekt.
1695 4254 1750 4309 II
1786 4270 1838 4326 p.
1879 4254 1999 4309 555.
2826 4245 2836 4254 ’
