3226 5078
1447 568 1514 583 -
1613 535 1700 598 20
1796 570 1866 582 --
1911 604 1928 621 ο

1370 642 1388 679 ἱ

704 732 1021 791 omittimus
1061 748 1158 790 eos
1198 731 1416 803 titulos,
1459 731 1520 788 in
1559 729 1763 803 quibus
1804 729 1904 802 qui
1943 728 2119 788 fuerit
2160 734 2410 797 curator,
2454 730 2624 802 plane
2652 746 2766 787 non

545 830 760 889 dictum
801 834 915 888 est:
969 829 1109 888 satis
1149 829 1263 887 erit
1302 843 1514 901 paucos
1554 827 1835 896 attulisse,
1878 826 1938 884 in
1979 825 2183 898 quibus
2224 832 2387 886 certa
2428 826 2500 885 de
2539 842 2607 884 eo
2647 843 2764 885 me·

548 927 766 986 moriae
827 927 961 986 sunt
1020 927 1270 999 prodita.
1342 925 1504 986 velut
1561 928 1806 983 matrem
1854 923 2125 983 honorati
2175 929 2472 982 curantem
2510 923 2766 984 videmus

543 1026 843 1098 Olympiae
884 1024 1068 1102 (arch.
1096 1042 1143 1083 z.
1179 1024 1333 1084 1880
1360 1040 1417 1097 p.
1448 1023 1541 1096 55,
1568 1022 1712 1098 341)
1736 1027 1798 1081 et
1822 1021 2261 1081 Lacedaemone
2288 1020 2456 1098 (Leb.
2480 1022 2540 1080 H
2565 1020 2761 1097 184P),

542 1124 781 1182 fratrem
823 1121 1150 1196 Olympiae,
1203 1136 1331 1179 cum
1370 1125 1557 1178 mater
1594 1120 1860 1201 honorati
1899 1137 1930 1178 e
1972 1122 2205 1179 senatus
2246 1118 2474 1178 decreto
2517 1124 2763 1181 statuam

541 1226 780 1295 poneret
838 1224 1010 1294 atque
1071 1220 1319 1278 solveret
1378 1218 1561 1294 (arch.
1624 1236 1674 1276 z.
1726 1218 1837 1276 187
1842 1219 1896 1286 9,
1938 1234 1993 1290 p.
2043 1218 2155 1277 138
2171 1262 2184 1287 ‚
2249 1216 2421 1293 272),
2484 1215 2667 1276 filium
2705 1218 2767 1276 in

541 1317 695 1377 Paro
756 1318 942 1377 insula
1001 1315 1096 1393 (C.
1146 1317 1197 1377 Ι.
1235 1314 1310 1376 Gr.
1349 1314 1412 1374 H
1455 1315 1613 1376 2374
1654 1313 1731 1391 e),
1796 1331 2033 1374 vernam
2091 1313 2528 1388 Philadelphiae
2591 1315 2792 1393 (Leb..

541 1417 632 1476 ΠΙ
675 1417 842 1492 646).
904 1416 999 1474 vel
1039 1432 1110 1473 ex
1150 1418 1495 1474 testamento
1535 1415 1647 1472 hoc
1687 1413 1854 1472 modo
1896 1417 2121 1472 statuas
2143 1414 2359 1486 positas
2388 1430 2511 1473 esse
2537 1413 2765 1472 demon-

540 1519 761 1572 stratur
821 1496 1193 1586 inscriptione
1252 1509 1530 1585 Smyrnae
1589 1514 1825 1584 reperta
1886 1510 1978 1588 (0.
2029 1511 2077 1569 Ι.
2121 1510 2191 1570 Gr.
2233 1511 2292 1570 H
2342 1510 2541 1587 3192).
2626 1512 2766 1570 civis

542 1613 692 1671 enim
733 1612 981 1684 quidam,
1027 1611 1187 1670 cuius
1228 1626 1432 1669 nomen
1471 1610 1662 1683 periit,
1706 1609 1767 1666 in
1809 1614 2150 1669 testamento
2193 1626 2295 1670 suo
2337 1609 2410 1670 ab
2451 1610 2595 1668 urbe
2620 1610 2766 1684 peti·

539 1715 705 1768 verat
719 1754 733 1779 ,
795 1715 864 1769 ut
922 1712 1171 1768 statuam
1221 1708 1276 1768 ei
1315 1708 1593 1781 erigeret,
1662 1707 1737 1766 ad
1778 1724 1949 1779 quam
1990 1706 2395 1781 perficiendam
2435 1713 2626 1767 certas
2665 1724 2765 1781 pe-

541 1808 739 1866 cunias
780 1807 1175 1866 constituerat.
1191 1801 1238 1882 ¹)
1298 1809 1548 1864 statuam
1587 1805 1819 1876 quidem
1846 1821 2019 1877 quam
2043 1806 2344 1879 petiverat,
2389 1805 2766 1866 decreverunt

543 1907 597 1965 ei
624 1905 945 1979 Smyrnaei:
988 1907 1310 1962 curatorem
1352 1906 1545 1961 autem
1585 1919 1702 1960 non
1726 1901 2056 1977 respublica
2081 1903 2350 1977 instituit,
2394 1903 2497 1963 sed
2523 1905 2615 1963 vel
2640 1910 2766 1962 tum

541 2003 666 2077 ipse
714 2004 831 2062 iam
878 2004 939 2062 in
985 2006 1327 2061 testamento
1371 2000 1665 2059 Tiberium
1707 1999 2009 2059 Claudium
2050 2001 2469 2075 Metrodorum,
2522 1990 2765 2061 amicum

542 2107 726 2175 putes,
767 2099 902 2158 huic
942 2098 1164 2156 muneri
1202 2097 1579 2170 praefecerat.

699 2196 953 2255 redimus
1014 2195 1088 2254 ad
1147 2195 1346 2252 titulos
1385 2210 1540 2252 mere
1579 2194 1841 2267 publicos
1882 2199 1941 2253 et
1980 2196 2154 2254 verbo
2196 2196 2439 2268 denique
2478 2198 2765 2271 tangimus

544 2309 661 2364 eos,
703 2295 763 2352 in
802 2292 1007 2365 quibus
1047 2292 1326 2351 curatoris
1364 2292 1524 2349 nulla
1563 2292 1794 2351 omnino
1832 2291 1899 2350 fit
1937 2291 2232 2368 mentio‚²)
2271 2310 2612 2366 quamquam
2651 2312 2764 2354 non

542 2392 616 2451 ab
677 2391 793 2449 alio
840 2389 1086 2463 quodam
1134 2394 1393 2462 sumptus
1434 2405 1629 2448 omnes
1669 2391 1889 2450 solutos
1928 2407 2050 2450 esse
2090 2390 2338 2450 additur.
2381 2408 2623 2464 quorum
2663 2410 2764 2451 nu-

541 2506 730 2550 merus
788 2504 1128 2564 permagnus
1188 2490 1290 2547 est.
1375 2490 1600 2547 statuae
1662 2492 1855 2547 autem
1916 2487 2025 2548 hae
2084 2488 2224 2547 item
2273 2492 2339 2548 ut
2378 2489 2530 2548 aliae
2573 2507 2766 2551 omnes

540 2589 678 2660 quin
719 2604 755 2646 a
792 2587 1155 2647 curatoribus
1182 2586 1522 2659 quibusdam
1551 2587 1870 2646 collocatae
1897 2587 2030 2661 sint,
2063 2604 2227 2648 nemo
2257 2588 2523 2647 dubitare
2549 2594 2762 2662 potest;

540 2686 640 2745 sed
682 2704 782 2746 cur
821 2703 895 2745 ne
935 2686 1165 2744 nomina
1204 2685 1431 2758 quidem
1472 2701 1672 2744 eorum
1712 2690 1951 2744 exarata
1991 2685 2120 2758 sint,
2165 2685 2319 2744 haud
2358 2687 2444 2746 ita
2482 2685 2652 2747 facile
2680 2692 2767 2747 est

541 2784 854 2843 intellectu.
940 2783 1195 2843 homines
1257 2783 1408 2841 enim
1457 2783 1640 2841 infimi
1681 2784 1901 2842 ordinis
1939 2785 2029 2843 vel
2070 2784 2381 2845 conductos
2420 2785 2601 2859 forte,
2666 2787 2764 2858 qui

544 2880 705 2953 digni
741 2896 857 2939 non
876 2880 1118 2939 iudicati
1147 2880 1279 2948 sint,
1309 2895 1552 2966 quorum
1571 2881 1804 2938 nomina
1825 2880 1999 2955 signis
2021 2880 2529 2961 subscriberentur‚
2560 2883 2762 2941 statuis

542 2976 864 3054 praefectos
926 2995 1048 3040 esse
1109 2978 1459 3036 collocandis
1517 2978 1650 3037 ideo
1702 2978 2047 3051 persuadere
2088 2980 2250 3040 nobis
2290 2998 2406 3039 non
2446 2997 2758 3055 possumne,

543 3076 678 3148 quia
738 3075 882 3134 alias
944 3091 1191 3135 summos
1250 3075 1419 3136 modo
1480 3076 1855 3150 magistratus
1908 3081 2010 3136 aut
2048 3077 2431 3138 nobilissimos
2472 3080 2623 3138 cives
2664 3083 2764 3138 aut

543 3179 813 3247 cognatos
863 3173 1105 3246 denique
1153 3174 1245 3232 vel
1304 3174 1518 3244 amicos
1557 3175 1826 3233 honorati
1865 3176 1976 3235 hoc
2015 3175 2207 3234 officio
2245 3175 2471 3253 functos
2512 3194 2634 3237 esse
2672 3177 2763 3235 vi-

543 3270 746 3331 dimus,
806 3287 988 3344 neque
1029 3270 1098 3329 de
1135 3271 1225 3331 his
1265 3272 1470 3331 statuis
1502 3272 1682 3330 'aliter
1721 3277 1912 3331 actum
1952 3289 2076 3332 esse
2117 3291 2244 3334 cum
2285 3275 2514 3334 aliunde
2541 3281 2662 3334 tum
2690 3292 2761 3335 ex

542 3368 858 3428 Sestiorum
917 3369 1226 3441 praecipue
1288 3368 1547 3430 decret0.
1573 3386 1855 3443 apparere
1906 3371 2070 3430 nobis
2109 3372 2336 3432 videtur
2376 3372 2559 3450 (μουσ.
2610 3375 2762 3435 1878

534 3484 599 3539 p.
647 3464 924 3542 18—23).
1005 3467 1213 3525 Menae
1254 3467 1429 3539 enim,
1493 3468 1742 3527 Menetis
1788 3468 1905 3527 filio
1947 3475 2196 3529 statuam
2237 3470 2310 3529 ob
2350 3471 2514 3529 varia
2552 3472 2763 3531 merita

544 3565 865 3624 dedicatam
932 3581 1053 3626 esse
1113 3580 1150 3623 a
1166 3551 1179 3562 ’
1205 3563 1407 3625 Sestiis
1456 3565 1518 3624 in
1557 3567 1667 3626 hoc
1707 3567 1937 3626 decreto
1976 3569 2243 3643 legimus,
2306 3570 2367 3627 in
2407 3585 2519 3642 quo
2559 3571 2763 3632 titulus

542 3679 764 3735 quoque
824 3668 1093 3722 accurate
1153 3669 1627 3723 commemoratus
1677 3669 1790 3738 est,
1855 3666 1954 3737 qui
1991 3666 2053 3723 in
2092 3670 2285 3725 statua
2322 3666 2583 3741 perfecta
2623 3685 2761 3728 exa-

539 3761 751 3821 randus
811 3767 974 3821 esset.
1059 3761 1153 3819 hic
1213 3767 1403 3821 autem
1454 3763 1658 3821 titulus
1710 3763 2029 3823 simillimus
2071 3768 2159 3823 est
2197 3764 2269 3824 iis
2311 3765 2382 3824 de
2421 3767 2626 3838 quibus
2665 3767 2760 3826 hic

537 3859 866 3933 quaerimus
925 3860 1413 3933 inscriptionibus:
1477 3861 1622 3919 nihil
1671 3861 1821 3919 enim
1862 3861 2015 3920 aliud
2053 3862 2114 3919 in
2156 3878 2223 3921 eo
2265 3863 2507 3936 legitur,
2570 3864 2681 3923 nisi
2720 3881 2757 3924 a

540 3959 749 4031 populo
801 3958 887 4033 (et
934 3957 1256 4034 iuvenibus)
1299 3958 1506 4017 Menae
1547 3959 1765 4031 optime
1808 3959 2009 4018 merito
2051 3960 2271 4034 signum
2313 3976 2436 4021 esse
2477 3967 2754 4021 erectum:

684 4170 726 4237 ¹)
765 4167 863 4225 cfr.
901 4167 960 4225 C.
994 4168 1039 4226 Ι.
1075 4167 1143 4225 G.
1177 4169 1232 4225 H
1267 4169 1407 4224 2786
1446 4200 1513 4209 -
1550 4168 1695 4225 Bull.
1732 4168 1759 4224 I
1796 4170 1917 4239 293,
1955 4170 2040 4226 86.

681 4258 724 4327 ²)
762 4258 915 4314 velut
949 4256 1081 4314 Leb.
1117 4258 1197 4314 ΙΠ
1241 4259 1591 4315 1004-1108
1628 4258 2170 4331 innumerabilesque
2206 4259 2360 4317 alios.
