3226 5078
1365 541 1790 606 ...69-

631 735 879 794 redimus
941 735 1016 793 ad
1076 735 1241 808 signa
1299 736 1440 794 locis
1500 735 1681 794 sacris
1733 735 2026 795 collocata.
2113 753 2239 794 cum
2288 736 2462 809 igitur
2513 739 2683 793 antea

473 832 778 905 praecipue
818 832 1144 891 sacerdotes
1186 833 1532 892 consuluisse
1557 833 1647 891 his
1674 832 1850 906 signis
1876 832 2199 901 viderimus,
2242 837 2435 891 tamen
2477 851 2513 890 a
2551 833 2680 906 pri-

472 931 618 989 vatis
679 946 903 1003 quoque
962 947 1075 989 non
1134 948 1268 990 raro
1327 932 1708 1005 pulcherrime
1760 948 1829 990 ea
1878 935 2080 991 ornata
2119 949 2242 992 esse
2284 932 2677 1005 comperimu8‚

475 1045 818 1101 quamquam
880 1029 1022 1088 haec
1083 1046 1220 1088 cura
1267 1029 1597 1103 plerumque
1647 1046 1758 1089 non
1807 1028 1918 1088 nisi
1969 1030 2044 1088 ad
2091 1030 2250 1103 signa
2290 1029 2377 1104 (in
2426 1028 2682 1105 templis)

478 1132 813 1186 consecrata
860 1127 1201 1201 pertinuisse
1259 1128 1506 1188 videtur.
1587 1128 1876 1201 vituperat
1927 1128 2078 1186 enim
2130 1129 2384 1202 graviter
2432 1144 2682 1201 paganos

470 1222 868 1300 Lactantius¹)
881 1269 896 1295 ,
967 1225 1119 1296 quod
1160 1241 1287 1283 cum
1325 1230 1511 1284 metus
1553 1242 1651 1285 eos
1692 1226 2031 1285 deseruisset
2072 1231 2133 1284 et
2172 1227 2427 1300 pericula
2463 1229 2683 1284 remota

472 1326 677 1394 essent,
721 1326 843 1381 tum
882 1325 1102 1383 alacres
1142 1324 1218 1382 ad
1259 1324 1498 1383 deorum
1538 1329 1944 1384 concurrerent
1982 1326 2197 1398 templa
2225 1329 2283 1383 et
2308 1324 2398 1383 his
2426 1324 2673 1382 libarent

480 1424 652 1492 atque
702 1419 1090 1480 sacrificarent
1138 1438 1444 1495 eorumque
1483 1423 1787 1482 simulacra
1826 1424 2048 1481 coronis
2089 1427 2377 1481 ornarent.
2460 1438 2683 1494 semper

474 1518 676 1590 igitur,
729 1519 779 1577 si
828 1518 961 1578 boni
1002 1520 1140 1593 quid
1180 1519 1352 1580 alicui
1392 1527 1658 1580 evenerat
1696 1521 1791 1580 vel
1829 1522 2143 1594 periculum
2183 1522 2255 1579 ab
2293 1536 2361 1579 eo
2400 1525 2683 1578 remotum

473 1619 617 1687 erat,
660 1615 747 1675 ita
797 1617 1042 1690 gratiam
1083 1618 1136 1676 ei
1185 1635 1221 1677 a
1259 1633 1370 1690 quo
1422 1619 1663 1678 donatus
1702 1620 1795 1677 vel
1835 1622 2199 1678 conservatus
2240 1635 2363 1677 esse
2403 1617 2685 1676 iudicaret

478 1713 582 1771 deo
625 1714 888 1773 retulisse
925 1715 1169 1790 videtur,
1212 1720 1278 1774 ut
1318 1714 1486 1788 quam
1511 1717 1891 1790 pulcherrime
1920 1717 2283 1779 simulacrum
2311 1715 2432 1775 eius
2460 1715 2682 1775 coronis

479 1816 537 1870 et
576 1810 811 1872 floribus
852 1819 1089 1873 ornaret
1128 1819 1300 1887 atque
1340 1831 1505 1873 sacra
1546 1816 1600 1874 ei
1640 1815 1872 1876 faceret.
1888 1814 1936 1891 2)

559 1980 568 1990 ,
632 1911 741 1969 hac
803 1915 994 1970 autem
1056 1929 1193 1971 cura
1238 1913 1570 1985 plerumque
1619 1917 1687 1971 ut
1737 1913 1981 1971 diximus
2031 1912 2336 1970 simulacra
2387 1910 2552 1968 modo
2595 1910 2682 1986 (in

475 2009 730 2085 templis)
771 2016 1100 2069 consecrata
1139 2009 1342 2070 affecta
1384 2027 1507 2070 esse
1546 2012 1830 2070 videntur.
1893 2010 2181 2085 singulare
2224 2009 2374 2067 enim
2413 2013 2503 2067 est
2527 2007 2682 2065 iudi-
2787 2040 2794 2049 -

476 2107 715 2166 candum
730 2151 743 2176 ‚
794 2108 844 2166 si
892 2108 986 2167 vel
1034 2108 1322 2167 hominum
1372 2114 1589 2169 statuas
1628 2109 1750 2177 hoc
1778 2108 1946 2167 modo
1988 2111 2218 2166 ornatas
2260 2123 2382 2165 esse
2422 2107 2682 2179 legimus

479 2204 720 2264 tradidit
770 2204 920 2263 enim
958 2205 1275 2266 Pausanias
1286 2205 1332 2284 ³)
1385 2207 1748 2267 Achaeorum
1788 2208 2031 2281 primum
2072 2206 2345 2266 Oebotam
2386 2204 2683 2277 Olympiae

474 2304 774 2362 victoriam
815 2310 1161 2378 reportasse3
1205 2323 1332 2366 cum
1374 2311 1563 2366 autem
1605 2308 1792 2365 nullus
1830 2306 1885 2365 ei
1923 2323 1959 2365 a
1985 2307 2203 2365 civibus
2229 2306 2412 2364 honor
2437 2303 2685 2362 tributus

475 2407 644 2471 esset,
688 2407 1042 2462 exsecratum
1084 2422 1212 2463 eum
1255 2420 1377 2464 esse
1417 2422 1607 2464 omnes
1636 2405 1914 2476 Achaeos,
1958 2420 2028 2462 ne
2070 2404 2162 2461 cui
2202 2419 2451 2474 unquam
2486 2417 2683 2460 eorum

477 2499 844 2573 contingeret,
888 2505 955 2560 ut
993 2503 1242 2576 palmam
1281 2503 1579 2576 Olympiae
1620 2502 2062 2562 nancisceretur.
2146 2517 2257 2574 qua
2297 2499 2684 2560 exsecratione

476 2592 660 2657 motos
710 2604 956 2658 statuam
997 2602 1052 2659 ei
1080 2601 1375 2673 Olympiae
1418 2602 1636 2660 dicasse
1662 2601 1949 2667 Achaeos3
1993 2604 2162 2672 atque
2203 2616 2273 2658 ex
2316 2614 2381 2657 eo
2427 2602 2683 2670 tempore

476 2692 537 2753 in
599 2695 756 2755 more
816 2697 991 2757 fuisse
1053 2699 1451 2771 comperimuS,
1513 2704 1580 2756 ut
1629 2716 1665 2758 a
1712 2698 2024 2757 victoribus
2074 2712 2269 2755 eorum
2312 2713 2422 2753 non
2462 2695 2684 2756 coronis

473 2795 792 2868 cingeretur
841 2797 1008 2855 modo
1058 2798 1168 2856 hoc
1216 2798 1432 2871 signum
1483 2798 1584 2857 sed
1634 2798 1807 2857 etiam
1855 2814 2019 2856 sacra
2066 2795 2271 2854 fierent
2317 2796 2377 2852 in
2417 2795 2683 2853 honorem

473 2892 742 2954 Oebotae.

632 2992 982 3064 privatorum
1031 3008 1168 3053 vero
1209 2994 1429 3052 statuas
1469 3010 1507 3051 a
1546 2993 1800 3067 cognatis
1840 2992 2112 3050 amicisve
2151 3007 2310 3050 sacro
2351 2990 2477 3048 loco
2520 2982 2681 3047 dedi-

471 3094 631 3147 catas
670 3090 844 3149 certis
885 3107 1104 3163 quoque
1144 3091 1342 3151 diebus
1369 3093 1439 3150 ab
1468 3092 1556 3150 his
1583 3096 1814 3150 ornatas
1843 3106 1968 3150 esse
1995 3090 2254 3162 exemplo
2284 3089 2676 3146 demonstrare

472 3187 627 3245 nullo
667 3204 988 3260 possumus3
1033 3192 1223 3247 tamen
1263 3189 1374 3248 hoc
1414 3188 1557 3248 adeo
1599 3194 1687 3248 est
1725 3188 2057 3261 verisimile,
2110 3192 2176 3245 ut
2217 3186 2538 3246 testimonio
2581 3185 2676 3243 vix

472 3299 613 3356 opus
654 3293 777 3343 esse
815 3284 1096 3345 videatur.
1937 3359 1955 3374 ι
2125 3289 2128 3294 “

629 3386 813 3440 restat
873 3381 1135 3454 denique,
1198 3387 1265 3440 ut
1313 3382 1486 3456 signis
1532 3384 1659 3441 loco
1699 3384 1910 3456 privato
1950 3383 2184 3441 statutis
2224 3383 2323 3454 qui
2365 3383 2681 3441 consultum

474 3479 551 3536 sit
590 3478 946 3550 explicemus.
1010 3480 1256 3552 primum
1294 3480 1522 3562 quidem
1562 3480 1612 3538 si
1639 3480 1710 3538 de
1748 3481 1927 3553 signis
1965 3480 2027 3537 in
2067 3497 2203 3553 agro
2231 3479 2431 3552 positis
2456 3480 2682 3552 quaeri-

472 3591 612 3648 mus,
656 3576 865 3635 similia
903 3577 1018 3635 iam
1058 3595 1110 3650 p.
1159 3579 1232 3636 63
1276 3578 1589 3656 attigimus,
1633 3578 1730 3635 ubi
1763 3578 1833 3636 de
1874 3578 2092 3636 truncis
2134 3578 2193 3635 in
2222 3577 2418 3636 Liberi
2442 3577 2683 3636 Proser-

472 3674 749 3746 pinaeque
799 3673 1039 3733 formam
1084 3676 1144 3733 in
1191 3676 1552 3735 sollemnibus
1593 3677 1825 3735 deorum
1866 3676 2086 3735 vestitis
2127 3680 2298 3748 atque
2339 3676 2553 3733 ornatis
2593 3675 2679 3733 fe-

473 3773 650 3831 cimus
711 3772 905 3831 verba.
986 3774 1046 3831 in
1107 3773 1303 3833 diebus
1354 3775 1576 3832 omnino
1628 3774 1791 3833 festis
1833 3778 1891 3833 et
1931 3790 2059 3833 cum
2101 3774 2175 3858 ad
2215 3773 2473 3846 privatos
2512 3774 2679 3832 modo

471 3872 822 3944 pertinerent
883 3875 942 3929 et
1003 3886 1130 3928 cum
1192 3871 1263 3930 ab
1325 3872 1615 3943 universa.
1652 3873 2077 3932 celebrarentur
2124 3871 2419 3944 republica
2473 3873 2676 3944 omnia,

473 3971 776 4042 praecipue
825 3973 1018 4027 autem
1068 3969 1306 4027 deorum
1357 3970 1662 4029 simulacra
1709 3971 2091 4044 pulcherrime
2133 3974 2335 4027 ornata
2376 3986 2499 4028 esse
2538 3969 2679 4027 adeo

370 4105 379 4116 .
473 4069 781 4138 respondet
819 4067 1175 4126 Graecorum
1234 4067 1524 4140 religioni,
1588 4072 1655 4125 ut
1716 4068 1785 4126 de
1838 4086 1905 4127 ea
1944 4085 2007 4126 re
2047 4070 2143 4126 vix
2183 4068 2357 4126 liceat
2399 4068 2677 4128 dubitare.

618 4225 656 4294 ¹)
694 4224 930 4284 institut.
967 4223 1023 4278 ΙΙ
1064 4229 1110 4280 1.
2157 4283 2166 4292 .

606 4298 658 4364 2)
698 4296 875 4350 simile
913 4296 1051 4364 legis
1090 4296 1236 4366 apud
1271 4296 1479 4351 Arnob.
1521 4296 1639 4350 adv.
1679 4312 1802 4367 pag.
1839 4295 1941 4353 VH
1978 4298 2062 4356 32.

613 4367 654 4439 ³)
694 4366 928 4424 Pausan.
963 4366 1066 4421 VH
1108 4370 1189 4438 17,
1226 4370 1258 4421 6
1297 4398 1361 4408 —-
1406 4370 1469 4424 13
1508 4398 1574 4407 —-
1619 4370 1698 4429 14.
