3226 5078
1321 484 1758 545 -17-

591 677 684 733 vix
726 682 837 741 est.
903 677 1056 748 quod
1113 693 1397 749 moneam,
1464 692 1531 734 eo
1580 676 1853 734 maiorem
1895 677 2168 736 honorem
2208 676 2466 735 habitum
2509 694 2644 751 esse,

429 779 638 846 quanto
700 774 1009 833 nobiliores
1071 778 1295 833 statuae
1358 779 1652 833 curatores
1714 778 1918 833 essent.
2003 790 2148 846 quae
2188 791 2316 834 mea
2358 777 2643 834 sententia

425 870 929 943 Apolloniatarum
969 869 1292 929 affirmatur
1333 871 1561 931 decreto
1606 870 1695 945 (O.
1738 871 1787 931 Ι.
1833 872 1901 931 G.
1940 872 2030 930 III
2073 873 2275 948 3960),
2316 873 2377 930 in
2418 889 2528 945 quo
2572 874 2642 933 de

423 973 618 1028 statua
676 968 1006 1027 Mithridati
1068 985 1284 1027 summo
1325 968 1501 1028 Asiae
1563 968 1853 1028 sacerdoti
1913 968 1985 1027 ab
2026 970 2366 1042 Apolloniae
2428 971 2645 1030 civibus

423 1066 615 1126 dicata
674 1066 878 1140 agitur.
961 1065 1109 1124 113113
1170 1066 1319 1124 3111111
1379 1071 1447 1124 111
1507 1070 1739 1125 curaret
1778 1067 1941 1124 Xeno
1993 1066 2226 1137 quidam
2278 1068 2495 1126 electus
2535 1074 2638 1141 est,

420 1164 519 1235 qui
558 1162 694 1240 ἀνὴρ
736 1161 1020 1240 κράτιστος
1058 1165 1168 1220 τῶν
1210 1164 1474 1221 πολειτῶν
1515 1167 1780 1222 vocatur:
1836 1180 2114 1221 summum
2154 1164 2331 1238 igitur
2367 1165 2643 1225 honorem

420 1262 572 1319 cives
631 1259 886 1319 tribuere
946 1261 1035 1319 illi
1095 1261 1205 1319 sibi
1263 1261 1635 1333 videbantur,
1702 1277 1830 1320 311111
1879 1262 2156 1333 optimum
2198 1262 2376 1321 civem
2418 1268 2642 1321 statuae

420 1359 542 1418 eius
612 1358 977 1418 collocandae
1046 1358 1436 1431 praeficerent.
1522 1358 1813 1417 simillima
1871 1360 2015 1420 huic.
2068 1360 2297 1418 decreto
2360 1361 2638 1419 Traiano-

320 1498 327 1506 ·
418 1456 732 1529 politarum
774 1460 862 1514 est
900 1456 1210 1528 inscriptio,
1256 1472 1426 1527 quam
1465 1456 1625 1514 vides
1652 1455 1712 1513 in
1739 1455 1887 1513 Bull.
1926 1457 2076 1516 1882
2104 1473 2159 1529 p.
2196 1458 2336 1527 1853
2381 1458 2633 1529 pertinet

415 1554 566 1611 enim
620 1553 695 1611 ad
746 1557 994 1612 statuam
1035 1552 1294 1611 Gallieno
1335 1554 1655 1625 ponendam
1697 1568 1872 1626 opera
1913 1551 2137 1629 Σεπτιμ.
2184 1551 2500 1632 Μαρκιανοῦ
2542 1554 2634 1614 καὶ

416 1692 788 1710 .......
831 1647 1145 1728 Μαρκιανοῦ
1174 1649 1440 1729 κρατίστω
1475 1651 1512 1726 [.
1560 1694 1574 1709 .
1621 1695 1633 1708 .
1680 1692 1695 1708 .
1740 1693 1754 1708 .
1803 1695 1816 1708 .
1862 1651 1954 1727 .]ν,
1996 1668 2141 1723 quae
2170 1669 2241 1710 ex
2267 1651 2437 1709 titulo
2467 1652 2635 1711 modo

411 1748 644 1806 laudato
683 1747 745 1805 in
784 1746 1081 1824 κρατίστων
1122 1752 1356 1823 πολιτῶν
1398 1748 1719 1822 supplenda
1757 1749 1892 1809 sint.
1933 1765 2120 1822 neque
2160 1751 2379 1809 alienus
2419 1750 2492 1809 ab
2520 1751 2631 1810 hoc

414 1847 544 1904 loco
607 1845 1008 1904 Tralliensium
1069 1850 1157 1904 est
1213 1846 1418 1904 titulus
1480 1844 1651 1920 (Leb.
1692 1846 1784 1904 HI
1825 1847 1939 1906 600
1962 1846 2052 1921 3),
2113 1847 2175 1905 in
2235 1863 2345 1919 quo
2386 1847 2633 1908 Neronis

408 1947 633 2002 statuae
696 1941 1005 2015 erigendae
1065 1943 1383 2016 praefuisse
1432 1942 1646 2000 dicitur
1683 1942 1984 2002 Hierocles
1998 1988 2012 2015 ,
2076 1945 2175 2014 qui
2214 1949 2334 2001 tam
2373 1944 2517 2003 bene
2559 1944 2631 2003 de

408 2040 707 2112 republica
765 2040 1001 2099 meritus
1062 2044 1212 2112 erat,
1276 2045 1343 2098 ut
1403 2039 1514 2104 υἱὸς
1552 2039 1767 2099 πόλεων
1781 2038 1826 2116 ¹)
1887 2057 2195 2114 cognomen
2246 2043 2301 2101 ei
2350 2041 2630 2100 tributum

406 2143 573 2196 esset.
654 2135 1038 2196 Athenienses
1100 2137 1345 2209 denique
1395 2138 1750 2205 celeberrimi
1799 2138 1957 2197 illius
1997 2138 2295 2197 Minervae
2337 2139 2625 2197 simulacri

407 2251 444 2291 a
484 2234 694 2292 Phidia
734 2234 1074 2307 exculpendi
1113 2234 1411 2303 Periclem,
1453 2235 1742 2293 hominem
1782 2250 1850 2293 eo
1891 2240 2151 2308 tempore
2191 2236 2620 2295 celeberrimum

403 2338 726 2391 curatorem
753 2348 859 2405 per
887 2332 1262 2390 chirotoniam
1288 2332 1530 2405 elegisse
1551 2348 1718 2391 nemo
1738 2333 1924 2392 nescit
1944 2332 2148 2408 (schol.
2169 2331 2278 2390 Ar.
2302 2333 2436 2394 Pac.
2462 2335 2621 2410 606).

557 2431 672 2488 13111
713 2431 761 2488 si
802 2429 1153 2501 quaerimus,
1205 2430 1302 2500 qui
1342 2434 1609 2501 praetera
1651 2433 1977 2487 curatorum
2018 2429 2135 2487 sint
2173 2427 2359 2488 functi
2397 2429 2620 2505 officiis,

402 2528 731 2600 saepissime
793 2530 1038 2595 cognatos
1098 2530 1200 2585 aut
1260 2528 1455 2585 amicos
1516 2528 1640 2585 eius
1701 2527 1796 2585 cui
1857 2526 2148 2585 decretum
2211 2532 2337 2586 erat
2396 2529 2623 2601 signum

400 2624 828 2682 commemorari
887 2624 1268 2696 reperiemus,
1330 2625 1429 2695 qui
1487 2630 1681 2682 utrum
1740 2623 1970 2698 publice
2032 2624 2203 2684 electi
2246 2626 2364 2683 sint
2404 2642 2477 2684 an
2518 2644 2621 2685 sua
2669 2655 2672 2658 >

398 2728 602 2794 sponte
642 2722 930 2794 petierint,
975 2726 1040 2780 ut
1078 2738 1341 2794 praeesse
1379 2723 1515 2782 huic
1554 2724 1777 2781 muneri
1803 2722 1913 2780 sibi
1940 2722 2156 2791 liceret,
2201 2722 2432 2782 dubium
2459 2723 2616 2799 est.²)

396 2820 646 2877 omnium
698 2825 890 2879 autem
930 2837 1127 2879 eorum
1167 2821 1466 2878 titulorum
1481 2865 1495 2893 ,
1549 2822 1610 2879 in
1651 2821 1855 2893 quibus
1898 2822 2126 2894 cognati
2166 2826 2269 2879 aut
2308 2821 2478 2879 amici
2515 2822 2614 2881 ho-

390 2918 580 2975 norati
640 2921 935 2977 curatores
994 2916 1171 2975 fuisse
1222 2917 1514 2990 dicuntur,
1578 2917 1858 2975 rationem
1899 2918 2113 2977 habere
2163 2935 2276 2976 non
2316 2935 2613 2991 possumus

389 3013 460 3072 ob
504 3030 629 3073 eam
673 3031 926 3083 causam,
970 3014 1106 3085 quia
1144 3013 1326 3072 maior
1367 3030 1561 3072 eorum
1602 3021 1692 3073 est
1731 3031 2025 3082 numerus;
2089 3020 2148 3073 et
2189 3031 2316 3073 cum
2356 3016 2612 3089 plerique

388 3112 461 3170 ad
508 3111 745 3171 verbum
795 3111 915 3170 fere
963 3113 1116 3169 inter
1156 3129 1217 3170 se
1259 3116 1593 3184 congruant,
1637 3128 1823 3185 pauca
1863 3111 2125 3171 attulisse
2167 3114 2427 3185 exempla
2467 3115 2605 3173 satis

388 3209 513 3266 erit.
577 3226 647 3268 33
703 3209 945 3270 fratrem
1004 3212 1230 3284 quidem
1290 3212 1556 3270 honorati
1619 3229 1735 3271 non
1794 3214 1962 3272 modo
2014 3219 2311 3271 curantem
2351 3214 2603 3273 videmus

387 3304 479 3380 (O.
522 3306 569 3365 Ι.
612 3306 684 3367 G.
733 3308 793 3366 II
833 3310 988 3368 2787
1040 3342 1114 3352 —
1170 3310 1321 3368 2811
1354 3310 1391 3369 b
1437 3343 1508 3353 -
1551 3310 1645 3369 ΙΠ
1687 3311 1841 3370 3858
1888 3344 1962 3353 -
2003 3310 2145 3370 Leb.
2187 3311 2278 3369 III
2320 3312 2461 3386 754>
2504 3312 2605 3369 sed

386 3403 560 3462 etiam
600 3408 845 3463 matrem
886 3405 979 3482 (G.
1019 3407 1069 3466 I.
1114 3407 1182 3466 G.
1226 3408 1284 3466 II
1326 3407 1529 3484 2336),
1572 3413 1838 3481 patruum
1882 3407 2050 3484 (Leb.
2092 3409 2152 3467 II
2192 3409 2270 3466 46
2299 3407 2380 3482 d),
2423 3406 2600 3465 filium

381 3498 471 3575 (O.
514 3501 559 3559 I.
605 3501 674 3561 G.
717 3503 778 3560 II
806 3502 962 3562 2930
989 3501 1070 3579 b),
1114 3503 1260 3563 filios
1300 3504 1466 3580 (Leb.
1495 3505 1583 3572 HI
1611 3504 1773 3581 985),
1816 3511 2086 3578 parentes
2128 3505 2295 3581 (Leb.
2322 3504 2596 3579 ΙΠ650),

340 3605 347 3614 ’
380 3599 650 3657 maritum
693 3600 1007 3659 honoratae
1055 3600 1146 3677 (O.
1199 3602 1241 3659 I.
1289 3601 1360 3661 G.
1401 3603 1490 3661 111
1538 3602 1699 3661 4150
1720 3601 1801 3676 b),
1843 3618 2081 3661 uxorem
2121 3602 2384 3661 honorati
2426 3601 2598 3678 (Leb.

374 3696 466 3754 III
509 3697 670 3773 647).
753 3699 981 3771 cognati
1039 3699 1208 3758 modo
1223 3744 1237 3768 ‚
1299 3699 1723 3759 necessitudine
1783 3716 1895 3757 non
1957 3699 2279 3758 accuratius
2338 3701 2601 3773 exposita

516 3927 560 3994 ¹)
598 3925 693 3982 cfr.
732 3925 1062 3997 Hirschfeld,
1096 3927 1156 3984 Z.
1194 3914 1254 3983 ὃ.
1295 3928 1361 3986 G.
1400 3929 1538 3984 1882
1576 3944 1631 3998 p.
1674 3928 1793 3984 105.

516 4014 559 4082 ²)
594 4016 876 4071 interdum
914 4015 1134 4088 quidem
1170 4020 1433 4087 cognatos
1470 4016 1621 4072 ultro
1658 4016 1764 4072 hoc
1801 4016 2136 4086 appetivisse
2173 4016 2305 4073 inde
2339 4021 2589 4087 apparet,

373 4100 522 4170 quod
558 4103 646 4157 vel
679 4109 912 4161 matrem
947 4107 1002 4160 et
1035 4120 1263 4161 uxorem
1296 4104 1556 4162 honorati
1593 4108 1851 4161 curantes
1888 4104 2153 4175 videmuS,
2192 4120 2330 4175 quas
2367 4106 2588 4174 publice

369 4188 577 4244 electas
615 4205 735 4246 esse
770 4208 931 4247 nemo
968 4192 1249 4249 iudicabit.

2161 4284 2196 4335 2
