3226 5078
1462 553 1532 566 ..
1638 517 1897 613 18⁴--

564 719 1082 774 commemorantur
1140 713 1203 771 in
1262 712 1328 774 O.
1375 714 1420 774 Ι.
1463 714 1534 774 Gr.
1576 715 1665 773 III
1707 714 1863 774 3960
1890 712 1927 772 b
1990 716 2048 772 et
2069 713 2245 772 -5838
2287 711 2493 793 titulis.
2577 710 2789 768 amicos

565 810 769 869 deinde
808 811 941 870 huic
981 810 1164 870 officio
1204 810 1521 884 praefuisse
1561 828 1635 870 ex
1675 810 1741 872 O.
1783 813 1832 870 Ι.
1878 811 1948 870 G.
1989 811 2049 869 Π
2078 809 2471 869 2783-3417
2497 841 2569 851 —-
2604 807 2783 884 (Bull.

564 910 609 982 I,
656 910 731 968 86
744 954 757 981 ,
831 910 906 969 26
947 907 1208 986 θρεπτός)
1259 909 1444 968 titulis
1494 909 1785 981 discimus3
1849 924 1955 968 nec
1995 912 2249 966 tutorem
2287 905 2495 981 pupilli
2536 910 2790 965 statuam

565 1022 794 1064 curasse
857 1008 1245 1067 collocandam
1308 1013 1560 1067 tacemus
1621 1006 1713 1083 (O.
1757 1008 1802 1064 Ι.
1845 1007 1919 1066 Α.
1960 1006 2053 1065 Il]
2095 994 2255 1081 911).
2340 1020 2534 1064 omnes
2595 1007 2790 1065 autem

564 1105 626 1162 hi
684 1105 838 1163 tituli
894 1106 1287 1166 Romanorum
1348 1105 1573 1164 demum
1634 1122 1775 1164 aevo
1836 1105 2061 1164 exarati
2119 1108 2277 1176 sunt,
2342 1101 2787 1176 florentibusque

568 1201 841 1261 Graeciae
881 1202 1052 1279 rebus
1092 1186 1188 1262 hic
1227 1218 1349 1262 mos
1387 1219 1593 1263 revera
1634 1202 1920 1263 exstitisse
1962 1218 2077 1261 non
2116 1202 2363 1262 videtur.

723 1298 1007 1358 interdum
1051 1300 1224 1357 etiam
1266 1300 1500 1372 accidit,
1565 1306 1631 1359 ut
1670 1301 1785 1358 ille.
1810 1300 1953 1373 ipse,
1998 1299 2092 1358 cui
2133 1298 2205 1358 ab
2246 1298 2390 1356 urbe
2430 1284 2621 1356 dicata
2662 1302 2790 1356 erat

565 1402 780 1469 statua,
843 1397 1162 1470 ponendam
1224 1413 1350 1456 eam
1413 1403 1665 1471 curaret,
1732 1397 1892 1456 cuius
1952 1414 2047 1456 res
2109 1397 2432 1470 exemplum
2489 1395 2666 1454 habes
2727 1394 2791 1452 in

566 1496 880 1555 Sestiorum
930 1493 1161 1554 decreto
1205 1494 1392 1571 (μουσ.
1439 1496 1593 1555 1878
1634 1513 1691 1570 p.
1724 1496 1844 1571 23).
1907 1495 2117 1555 Menae
2157 1493 2309 1553 enim
2350 1493 2593 1565 cuidam,
2637 1490 2791 1551 Sesti

566 1593 703 1665 civi,
769 1593 839 1652 ob
889 1593 1073 1651 multa
1110 1593 1320 1652 merita
1361 1609 1572 1652 corona
1612 1598 1918 1666 statuaque
1958 1594 2030 1652 ab
2072 1590 2214 1651 urbe
2256 1591 2554 1651 dedicatae
2595 1595 2789 1655 erant3

567 1705 697 1748 oum
747 1693 938 1749 autem
988 1690 1092 1749 illo
1142 1691 1268 1764 ipso
1320 1698 1579 1765 tempore
1631 1708 1889 1751 annonae
1931 1691 2145 1751 caritas
2185 1690 2408 1763 patriae
2448 1689 2787 1759 immineret,

565 1787 690 1860 ipse
741 1792 800 1845 et
851 1791 1102 1846 statuam
1154 1788 1331 1847 solvit
1371 1789 1443 1848 de
1484 1806 1695 1860 suaque
1736 1789 1857 1847 sine
1897 1789 2068 1848 dubio
2109 1788 2354 1861 pecunia
2392 1785 2792 1851 collocandam

574 1885 816 1943 curavit.
857 1886 993 1944 huie
1033 1885 1206 1945 titulo
1249 1886 1600 1945 simillimum
1642 1887 1937 1947 decretum
1975 1886 2264 1959 quoddam
2301 1885 2666 1960 Pagaeorum
2708 1887 2795 1943 est

572 1980 787 2059 (Ἀθ-ἠν.
830 1981 893 2041 Π
931 1983 1106 2059 482),
1161 2001 1232 2043 ex
1282 2000 1394 2056 quo
1437 1982 1619 2043 Soteli
1660 1984 1789 2058 civi,
1834 1985 1934 2056 qui
1973 1983 2259 2057 permulta
2300 1983 2363 2041 in
2382 1981 2798 2055 rempublicam

566 2079 840 2140 beneficia
889 2080 1235 2154 contulerat,
1292 2082 1361 2139 ob
1415 2098 1543 2140 eam
1583 2099 1814 2141 causam
1855 2087 2103 2140 statuam
2146 2081 2437 2141 decretam
2477 2096 2602 2140 esse
2644 2096 2798 2139 com-

566 2177 832 2250 perimus.
896 2178 997 2236 ille
1038 2183 1231 2237 autem
1272 2194 1400 2238 cum
1440 2179 1640 2252 urgeri
1681 2180 2091 2252 rempublicam
2130 2183 2491 2252 compertum
2535 2175 2793 2247 haberet,

569 2275 639 2333 de
702 2290 802 2333 suo
865 2279 925 2333 et
974 2274 1275 2337 solvendae
1327 2280 1387 2334 et
1437 2275 1804 2336 collocandae
1855 2280 2082 2335 statuae
2133 2275 2389 2348 providit
2428 2275 2796 2346 omnibusque

573 2372 741 2432 simul
803 2373 891 2432 dis
952 2388 1118 2433 sacra
1155 2372 1314 2434 fecit.
1399 2374 1499 2432 sed
1560 2375 1671 2433 hae
1732 2373 1936 2433 unicae
1996 2378 2270 2446 quantum
2320 2373 2583 2445 equidem
2622 2373 2796 2431 sciam

571 2471 835 2545 publicae
895 2476 1029 2530 sunt
1087 2472 1520 2548 inscriptiones,
1582 2474 1647 2531 in
1698 2472 1902 2545 quibus
1951 2472 2293 2531 honoratum
2343 2470 2531 2545 ipsum
2573 2474 2795 2528 statuae

570 2571 889 2643 providisse
929 2573 1226 2645 ponendae
1269 2573 1483 2632 diserte
1526 2573 1745 2631 dictum
1786 2577 1890 2633 est.

730 2669 842 2728 hoc
879 2669 1006 2728 loco
1048 2670 1222 2729 liceat
1262 2671 1426 2730 nobis
1467 2671 1769 2731 titulorum
1808 2670 2164 2744 quorundam
2204 2669 2559 2729 mentionem
2583 2667 2795 2734 facere,

573 2766 674 2838 qui
724 2765 950 2825 dubites
1000 2772 1194 2826 utrum
1244 2768 1489 2841 publicis
1538 2769 1743 2827 melius
1783 2784 1856 2827 an
1897 2768 2141 2841 privatis
2182 2767 2646 2826 adnumerentur.
2738 2764 2800 2821 in

577 2863 744 2922 initio
789 2865 938 2922 enim
981 2880 1177 2923 eorum
1215 2865 1441 2939 legitur,
1486 2881 1522 2923 a
1562 2870 1768 2924 senatu
1807 2865 2131 2938 populoque
2173 2869 2422 2923 statuam
2448 2879 2570 2922 esse
2599 2862 2800 2920 decre-

574 2967 717 3032 tam3
774 2961 946 3034 paulo
986 2967 1119 3035 post
1159 2968 1351 3021 autem
1391 2967 1649 3035 sumptus
1691 2978 1884 3022 omnes
1925 2968 2027 3021 aut
2068 2967 2375 3035 cognatum
2415 2964 2516 3019 aut
2554 2959 2799 3017 amicum

575 3060 842 3117 honorati
882 3060 1099 3119 tulisse.
1162 3076 1403 3132 quarum
1441 3061 1880 3133 inscriptionum
1920 3077 2187 3119 numerus
2227 3065 2423 3119 tantus
2463 3062 2567 3126 est,
2609 3060 2675 3114 ut
2699 3057 2801 3115 vix

578 3163 784 3231 putare
846 3159 1058 3231 possis,
1126 3175 1162 3217 a
1220 3163 1422 3217 senatu
1470 3158 1795 3232 populoque
1836 3159 1991 3217 ultro
2032 3163 2124 3217 tot
2161 3158 2403 3217 honores
2444 3155 2689 3215 tributos
2729 3170 2802 3212 ne

581 3256 770 3314 dicam
810 3255 1063 3315 abiectos
1105 3272 1246 3317 esse.
1311 3256 1549 3325 accedit,
1594 3256 1746 3328 quod
1786 3256 1848 3314 in
1889 3251 2167 3316 eiusmodi
2192 3255 2656 3329 inscriptionibus
2683 3257 2801 3311 sta-

585 3357 817 3411 tuarum
858 3358 1152 3412 curatores
1192 3369 1479 3425 nunquam
1519 3354 1893 3425 magistratus
1932 3354 2147 3428 publici
2174 3352 2348 3413 fuisse
2376 3354 2659 3423 dicuntur,
2702 3351 2805 3410 sed

577 3455 687 3509 aut
723 3452 947 3525 cognati
986 3455 1089 3509 aut
1128 3451 1299 3509 amici
1339 3455 1442 3509 aut
1482 3451 1638 3509 servi
1678 3456 1780 3509 aut
1820 3451 1937 3525 alii,
1982 3450 2149 3509 modo
2191 3451 2440 3523 quodam
2466 3467 2596 3509 cum
2624 3451 2800 3509 hono-

578 3553 707 3606 rato
770 3547 1074 3608 coniuncti.
1156 3547 1292 3607 inde
1352 3548 1494 3607 satis
1555 3547 1706 3616 effici
1755 3549 1896 3607 mihi
1936 3548 2186 3620 videtur,
2252 3564 2427 3621 saepe
2469 3565 2506 3606 a
2546 3548 2805 3621 cognatis

579 3644 672 3703 vel
720 3644 794 3703 ab
835 3646 1031 3704 amicis
1074 3646 1216 3705 civis
1258 3646 1577 3727 cuiusdam,
1641 3647 1898 3718 quamvis
1937 3646 2167 3705 minime
2208 3646 2280 3704 de
2319 3645 2672 3718 reipublicae
2714 3662 2802 3704 sa-

581 3744 705 3801 lute
762 3742 978 3811 meriti,
1022 3737 1299 3803 'senatum
1360 3746 1747 3818 populumque
1806 3748 2070 3817 rogatum
2131 3760 2279 3815 esse,
2344 3746 2410 3800 ut
2457 3746 2707 3801 statuam
2750 3743 2806 3800 ei

584 3840 940 3913 decerneret,
1007 3845 1077 3900 e'a
1118 3843 1473 3916 condicione,
1528 3847 1594 3900 ut
1634 3842 1745 3915 ipsi
1786 3847 2040 3914 sumptus
2083 3857 2272 3899 omnes
2311 3839 2533 3898 laturos
2575 3856 2636 3899 se
2679 3855 2805 3898 esse

583 3938 1005 4010 pollicerentur.
1091 3944 1150 3998 et
1206 3940 1513 3999 verisimile
1564 3944 1678 4007 est,
1740 3939 2072 4011 plerumque
2127 3938 2201 3997 iis
2253 3937 2406 4008 quod
2459 3938 2807 4010 appetebant

585 4052 912 4095 concessum
956 4053 1092 4096 esse.
1157 4037 1387 4097 silentio
1430 4038 1674 4109 denique
1713 4053 1826 4094 non
1869 4052 1991 4095 esse
2031 4035 2407 4093 omittendum
2449 4035 2609 4107 duxi,
2654 4033 2805 4106 quod

586 4133 708 4192 eius
768 4135 996 4208 generis
1055 4134 1215 4193 tituli
1273 4135 1336 4192 in
1394 4134 1466 4193 iis
1528 4133 1772 4191 maxime
1813 4134 2030 4205 reperti
2070 4137 2200 4191 sunt
2240 4131 2595 4206 civitatibus,
2661 4147 2806 4204 quae

585 4234 688 4288 aut
726 4231 1011 4305 pauperes
1052 4235 1216 4289 erant
1257 4235 1359 4289 aut
1398 4231 1586 4289 videri
1628 4229 1918 4302 volebant,
1984 4230 2141 4289 velut
2180 4230 2640 4298 Lacedaemone,
2706 4228 2806 4288 ubi
