3226 5078
1461 543 1893 608 -48-

558 723 677 779 tam
719 718 790 777 de
832 718 1223 778 conservando
1265 718 1427 791 signo
1470 718 1759 791 cogitasse
1788 716 2039 777 Graecos
2078 733 2249 789 quam
2291 732 2326 775 a
2365 720 2595 774 vetusto
2632 732 2792 774 more

557 832 671 875 non
710 815 1013 875 recessisse
1054 821 1312 888 apparet.

719 913 898 971 mirus
940 913 1147 971 deinde
1188 929 1310 972 mos
1352 918 1479 971 erat
1521 914 1900 983 Graecorum,
1943 917 2010 970 ut
2049 912 2396 985 templorum
2436 911 2793 983 quorundam

559 1011 762 1070 cellam
802 1027 920 1070 non
958 1015 1139 1070 totam
1179 1014 1457 1085 tegerent,
1503 1010 1605 1069 sed
1646 1015 1871 1084 partem
1911 1009 2141 1082 quidem
2178 1010 2302 1068 eius
2327 1014 2591 1083 apertam
2616 1009 2792 1067 relin-

557 1114 816 1181 querent.
879 1109 1101 1168 omissis
1142 1109 1400 1168 omnibus
1442 1108 1615 1167 rebus
1643 1125 1790 1181 quae
1810 1108 1885 1166 ab
1913 1107 2042 1167 aliis
2070 1107 2141 1165 de
2168 1108 2259 1165 his
2284 1106 2515 1179 templis
2542 1107 2792 1179 scriptae

556 1211 714 1280 sunt,
759 1207 1082 1265 Botticheri
1131 1207 1478 1265 sententiam
1518 1222 1692 1278 quam
1733 1222 1904 1264 unam
1945 1204 2306 1278 agnoscimus
2344 1211 2564 1264 rectam
2602 1205 2793 1275 sequi-

561 1320 708 1364 mur.
798 1305 1167 1362 simulacrum
1227 1303 1457 1375 quidem
1518 1304 1704 1376 ipsum
1765 1318 1880 1361 non
1939 1304 2043 1361 sub
2085 1302 2218 1362 divo
2261 1301 2363 1362 sed
2402 1302 2463 1359 in
2504 1317 2731 1361 secessu
2747 1301 2794 1376 1)

561 1402 747 1474 magis
799 1400 981 1460 cellae
1023 1401 1361 1459 collocatum
1404 1405 1465 1458 et
1503 1401 1615 1459 hoc
1653 1399 1822 1459 modo
1862 1416 1978 1458 non
2018 1401 2104 1458 ita
2144 1399 2465 1474 expositum
2491 1402 2617 1457 erat
2644 1403 2795 1457 tem-

563 1498 804 1571 pestatis
855 1497 1148 1570 iniquitati
1196 1502 1263 1555 ut
1303 1499 1524 1570 signum
1566 1497 1670 1556 sub
1715 1496 1847 1556 divo
1889 1502 2188 1557 statutum.
2273 1497 2375 1556 sed
2414 1497 2525 1555 hoc
2566 1496 2794 1554 minime

562 1594 811 1667 suffecit,
878 1599 938 1652 et
996 1594 1213 1653 idcirco
1263 1595 1326 1653 in
1367 1610 1705 1666 unoquoque
1745 1594 1915 1653 huius
1956 1594 2186 1668 generis
2226 1594 2441 1667 templo
2483 1597 2794 1666 parapeta-

561 1694 747 1750 smata
806 1707 954 1762 quae
1016 1692 1351 1751 dicebantur
1410 1693 1472 1750 in
1533 1709 1643 1751 usu
1693 1692 1872 1751 fuisse
1913 1692 2207 1764 videntur,
2251 1672 2399 1764 quae
2440 1707 2553 1750 non
2594 1695 2795 1749 contra

558 1788 769 1847 imbres
808 1788 976 1846 modo
1019 1790 1121 1848 sed
1162 1791 1337 1849 etiam
1377 1794 1580 1848 contra
1620 1791 1919 1863 pulverem
1979 1789 2291 1848 tuebantur
2330 1789 2695 1847 simulacrum
2737 1795 2798 1847 et

564 1885 624 1943 in
667 1885 868 1945 diebus
907 1886 1078 1945 modo
1105 1884 1285 1959 festis,
1331 1903 1458 1945 cum
1499 1887 1698 1960 ingens
1727 1888 1788 1945 in
1814 1887 2090 1960 templum
2118 1885 2448 1945 conveniret
2487 1885 2796 1944 multitudo

562 1984 844 2044 removeri
893 1986 1016 2043 sine
1057 1985 1229 2044 dubio
1270 1984 1549 2044 solebant.
1613 1990 1870 2043 ceterum
1911 1985 2024 2044 vid.
2065 1984 2226 2044 Bott.
2270 1984 2414 2043 tekt.
2455 1983 2518 2042 H
2558 2000 2616 2057 p.
2659 1984 2795 2042 596.

718 2081 874 2140 haud
936 2098 1070 2141 raro
1114 2082 1356 2154 denique
1397 2083 1500 2140 sub
1544 2081 1845 2141 arboribus
1886 2082 2076 2155 posita
2115 2097 2237 2141 esse
2280 2083 2447 2154 signa
2487 2080 2796 2140 memoriae

566 2183 656 2237 est
703 2179 1010 2251 proditum.
1099 2195 1168 2237 ac
1206 2179 1412 2252 priscis
1452 2178 1682 2251 quidem
1723 2179 2073 2251 temporibus
2113 2195 2311 2237 eorum
2351 2178 2518 2237 modo
2561 2179 2797 2237 deorum

567 2275 874 2334 simulacra
913 2275 1215 2335 arboribus
1256 2276 1555 2349 supposita
1596 2291 1718 2334 esse
1759 2275 2050 2348 videntur,
2115 2292 2356 2347 quorum
2399 2276 2589 2334 cultus
2628 2275 2796 2334 modo

575 2372 822 2443 quodam
881 2389 1010 2431 cum
1071 2373 1280 2432 arbore
1308 2374 1666 2432 >coniunctus
1707 2378 1851 2432 erat.
1934 2377 2135 2446 postea
2173 2379 2367 2431 autem
2406 2389 2522 2432 non
2562 2372 2798 2459 deorum

569 2469 738 2528 modo
801 2470 1006 2542 quibus
1068 2471 1211 2529 nihil
1262 2488 1388 2530 cum
1431 2470 1639 2530 arbore
1678 2472 1806 2545 ipsa
1847 2487 2142 2529 commune
2184 2473 2309 2530 erat
2348 2469 2657 2531 simulacra
2696 2469 2798 2528 sed

563 2569 659 2628 vel
716 2568 1009 2627 hominum
1070 2553 1295 2629 statuas
1335 2571 1684 2643 suppositas·
1700 2568 1775 2627 iis
1818 2584 1943 2628 esse
1984 2573 2241 2642 constat,
2306 2584 2420 2640 qua
2461 2568 2533 2627 de
2574 2585 2640 2626 re
2679 2568 2795 2626 alio

564 2683 850 2739 exponere
890 2669 1017 2726 loco
1056 2668 1119 2726 in
1145 2669 1334 2726 animo
1361 2667 1652 2727 habemus.
1718 2667 1889 2725 huius
1917 2671 2108 2727 autem
2135 2666 2222 2725 rei
2248 2682 2396 2738 quae
2423 2649 2596 2724 causa
2620 2664 2797 2724 fuerit

561 2764 612 2822 si
651 2765 996 2834 quaerimus,
1037 2765 1148 2824 hoc
1187 2766 1352 2824 nobis
1393 2765 1626 2838 quidem
1665 2764 1881 2824 factum
1921 2782 2043 2824 esse
2085 2764 2315 2823 videtur
2341 2781 2471 2822 cum
2497 2765 2635 2836 quia
2663 2780 2797 2822 can-

565 2859 731 2919 didus
772 2861 1074 2919 marmoris
1124 2862 1285 2920 color
1323 2862 1711 2935 pulcherrime
1751 2862 2098 2921 abhorrebat
2138 2879 2175 2920 a
2200 2861 2362 2920 fusco
2391 2861 2581 2919 trunci
2609 2862 2797 2920 colore

563 2956 848 3029 viridique
889 2956 1107 3030 fronde,
1151 2963 1275 3016 tum
1316 2959 1453 3029 quia
1493 2960 1670 3017 arbor
1709 2961 1949 3018 multum
1988 2959 2223 3018 valebat
2263 2959 2338 3018 ad
2377 2963 2629 3017 statuam
2665 2975 2794 3018 con·

565 3054 922 3115 servandam.
985 3055 1238 3129 priorem
1279 3055 1430 3113 enim
1471 3072 1703 3115 causam
1744 3072 1860 3114 non
1899 3057 2082 3114 solam
2122 3051 2299 3115 fuisse
2338 3056 2453 3115 iam
2493 3056 2628 3115 inde
2668 3054 2796 3116 effi-

563 3150 739 3223 citur,
783 3152 937 3223 quod
973 3152 1167 3226 lignea
1206 3168 1431 3225 quoque
1472 3152 1640 3225 signa
1665 3157 1739 3210 'et
1777 3153 1872 3211 vel
1912 3167 2092 3211 aenea
2131 3151 2235 3210 sub
2277 3152 2576 3212 arboribus
2618 3152 2797 3211 collo-

565 3247 861 3310 cabantur.
942 3249 1270 3322 saepissime
1330 3250 1514 3323 igitur
1552 3251 1819 3323 platanos
1859 3252 2071 3309 electas
2110 3250 2449 3322 invenimus,
2517 3265 2664 3321 quae
2705 3267 2797 3308 ar-

562 3345 731 3405 bores
781 3349 955 3405 ramis
1002 3349 1119 3407 late
1169 3348 1433 3421 expensis
1480 3346 1892 3420 frondibusque
1943 3349 2133 3408 densis
2173 3347 2339 3420 quasi
2377 3350 2536 3407 tecta
2575 3352 2798 3408 statuas

562 3439 993 3504 obumbrabant.
1008 3444 1056 3521 2)

725 3560 854 3603 cum
918 3549 1111 3604 autem
1161 3544 1367 3617 negari
1414 3560 1528 3602 non
1568 3543 1768 3617 possit,
1812 3548 2034 3628 statuas
2074 3542 2183 3601 hoc
2223 3542 2389 3600 modo
2431 3545 2615 3624 tectas
2657 3545 2797 3600 tem-

568 3640 811 3712 pestatis
852 3641 1334 3715 inopportunitati
1372 3642 1554 3700 multo
1581 3640 1769 3700 minus
1797 3641 2087 3714 expositas
2112 3640 2305 3712 fuisse,
2348 3643 2542 3698 tamen
2566 3639 2798 3697 minime

563 3736 852 3797 suffecisse
913 3739 1058 3799 haec
1119 3745 1277 3799 tecta
1325 3755 1493 3799 nemo
1536 3754 1651 3797 non
1690 3738 1871 3798 videt.
1952 3738 2206 3797 remedia
2244 3737 2421 3811 igitur
2461 3736 2723 3795 adhibita
2762 3752 2799 3794 a

566 3834 804 3894 Graecis
863 3834 1183 3898 invenimus
1246 3835 1515 3909 pervaria
1575 3833 1653 3893 ad
1692 3834 1854 3908 signa
1892 3850 2063 3907 quam
2103 3834 2350 3894 maxime
2392 3834 2796 3905 conservanda,

709 4082 750 4150 ¹)
789 4079 923 4139 ibid.
961 4079 1018 4135 Π
1053 4095 1105 4151 p.
1146 4080 1267 4139 605.
1306 4078 1403 4137 cfr.
1440 4079 1628 4150 Holm‚
1665 4080 1853 4150 gesch.
1892 4078 1998 4135 Sic.
2035 4078 2063 4135 Ι
2098 4096 2153 4150 p.
2193 4082 2314 4137 293.

705 4169 749 4238 ²)
786 4168 895 4225 vid.
933 4165 1163 4224 Anthol.
1200 4166 1318 4225 Pal.
1355 4167 1434 4224 IX
1470 4171 1591 4227 314.
1632 4198 1698 4210 -
1736 4166 1998 4223 Philostr.
2034 4184 2085 4224 v.
2124 4184 2168 4227 s.
2205 4167 2263 4224 ΙΙ
2291 4172 2338 4239 1,
2367 4171 2448 4225 10.
2489 4198 2554 4210 -—
2592 4166 2797 4224 Athen.

560 4255 694 4312 XIII
731 4257 836 4314 598
871 4255 908 4313 f.
1318 4295 1327 4306 .
