3226 5078
1338 560 1777 622 ..45-

445 753 878 826 coagmentavit.
896 752 939 825 ¹)
1014 753 1086 812 de
1127 752 1427 811 Minervae
1470 753 1563 811 cui
1604 752 1789 810 simile
1832 753 2046 811 accidit
2089 753 2252 825 signo
2281 758 2485 825 postea
2511 752 2680 824 plura

441 849 682 910 dicenda
721 833 908 910 erunt,

598 947 887 1006 minorum
928 951 1120 1006 autem
1146 947 1463 1006 laesionum
1489 947 1828 1020 plerumque
1856 947 2017 1004 nulla
2044 946 2271 1006 omnino
2299 948 2451 1006 ratio
2479 947 2679 1005 habita

437 1061 562 1104 esse
603 1044 860 1112 videtur,
915 1060 1028 1115 qua
1079 1044 1149 1102 de
1197 1061 1263 1103 re
1303 1045 1419 1103 iam
1459 1061 1636 1117 supra
1684 1044 2065 1117 exposuimus.
2151 1045 2212 1102 in
2250 1045 2499 1104 Boeotia
2539 1061 2676 1105 vero

440 1158 567 1200 cum
608 1141 895 1213 quondam
937 1157 1116 1200 aurea
1154 1140 1353 1213 phiala
1403 1125 1754 1214 donariaque
1807 1142 1921 1200 alia
1961 1141 2023 1198 in
2063 1140 2444 1214 Amphiaraio
2487 1145 2678 1215 posita

437 1238 623 1297 labem
673 1239 1016 1310 traxissent,
1082 1238 1367 1296 communi
1428 1239 1778 1310 Boeotorum
1830 1239 2061 1298 decreto
2113 1239 2344 1303 tresviri
2394 1239 2545 1297 vasis
2586 1256 2675 1297 re-

436 1336 698 1396 ficiendis
749 1335 932 1394 creati
973 1339 1124 1401 sunt,
1167 1337 1266 1408 qui
1307 1335 1552 1394 donaria
1591 1336 1694 1395 illa
1733 1336 2112 1395 instauranda
2139 1340 2313 1409 atque
2342 1354 2414 1395 ex
2439 1336 2676 1407 reliquis

442 1451 588 1507 quae
648 1450 764 1491 non
837 1434 1301 1491 instaurarentur
1362 1433 1618 1492 donariis
1678 1450 1819 1492 vasa
1868 1433 1973 1492 deo
2017 1439 2291 1507 argentea
2332 1431 2679 1493 conficienda

445 1534 737 1592 curarent.
747 1531 796 1605 2>
851 1531 991 1589 iussi
1032 1536 1224 1590 autem
1266 1536 1399 1589 sunt
1441 1530 1689 1610 ἱεράρχαι
1701 1530 1748 1607 ³)
1789 1532 2021 1590 tradere
2049 1532 2242 1590 omnia
2281 1531 2675 1605 praesentibus

439 1628 820 1701 polemarchis
862 1633 921 1687 et
964 1630 1232 1702 catoptis,
1279 1628 1350 1687 de
1389 1629 1595 1701 quibus
1637 1645 1785 1701 quae
1826 1630 2129 1689 Bockhius
2168 1629 2467 1688 adnotavit
2495 1628 2587 1702 (C.
2624 1629 2673 1688 I.

440 1725 509 1784 G.
550 1724 583 1783 I
629 1724 810 1800 1570)
852 1723 1240 1785 conferantur.
1323 1727 1434 1784 hoc
1476 1742 1820 1798 quamquam
1862 1726 1938 1784 ad
1980 1742 2117 1786 vasa
2157 1726 2429 1797 pertinet,
2482 1732 2676 1785 tamen

439 1837 549 1879 non
591 1827 697 1891 est,
741 1839 845 1881 cur
887 1823 958 1881 de
999 1824 1208 1882 statuis
1248 1823 1638 1882 instaurandis
1679 1823 1949 1882 similiter
1989 1822 2281 1880 interdum
2321 1828 2512 1880 actum
2552 1840 2674 1883 esse

438 1936 738 1992 negemus;
783 1937 1127 1992 quamquam
1167 1921 1278 1979 hoc
1308 1921 1594 1979 decretum
1624 1921 1903 1980 inusitata
1930 1935 2114 1994 paene
2142 1936 2211 1978 ac
2238 1919 2430 1978 subita
2455 1919 2673 1979 libera-

439 2017 606 2075 litate
647 2022 838 2075 ortum
880 2033 1006 2076 esse
1048 2018 1191 2075 mihi
1231 2017 1417 2076 videri
1458 2034 1570 2076 non
1611 2021 1796 2077 taceo,

600 2114 934 2186 plerumque
976 2115 1126 2172 enim
1168 2115 1304 2186 quin
1346 2114 1509 2186 signa
1549 2115 1731 2173 sacris
1757 2115 1900 2173 locis
1928 2115 2120 2187 posita
2150 2114 2459 2174 reficienda
2486 2131 2673 2174 sacer-

448 2211 611 2269 dotes
653 2212 981 2270 curaverint
1022 2216 1196 2282 atque
1237 2212 1510 2284 pecunias
1550 2204 1904 2271 necessarias
1950 2227 2022 2269 ex
2052 2213 2254 2285 templi
2296 2213 2520 2272 aerario
2563 2213 2673 2271 sol·

436 2308 643 2380 verint,
688 2308 921 2367 dubium
947 2325 1070 2368 esse
1098 2310 1193 2366 vix
1220 2312 1426 2381 potest.
1469 2309 1623 2380 quod
1649 2326 1753 2368 nos
1781 2310 2013 2383 quidem
2043 2326 2113 2368 ex
2143 2309 2208 2370 O.
2240 2310 2289 2370 Ι.
2324 2310 2393 2369 G.
2423 2309 2487 2368 Π
2517 2310 2673 2370 2749

442 2406 613 2465 titulo
652 2404 1086 2478 Aphrodisiade
1126 2411 1358 2479 reperto
1401 2407 1672 2479 colligere
1713 2424 1828 2465 non
1870 2406 2222 2467 dubitamus,
2288 2407 2498 2465 dicitur
2525 2408 2675 2466 enim

440 2504 503 2563 in
541 2520 608 2563 eo
637 2503 831 2564 Venus
875 2504 944 2564 de
985 2504 1103 2564 suis
1143 2504 1399 2578 pecuniis
1440 2504 1680 2563 cellulas
1720 2504 1929 2563 statuis
1969 2503 2290 2564 instituisse
2317 2505 2677 2579 reponendas

442 2606 502 2660 et
549 2599 774 2667 πυλίδας
827 2601 920 2661 σὺν
972 2605 1084 2666 τοῖς
1126 2601 1532 2679 ἐπιφερομένοις
1572 2602 1689 2659 alio
1729 2603 1990 2675 posuisse
2031 2603 2160 2660 Ioco
2204 2607 2378 2673 atque
2424 2606 2681 2680 λευκουρ-

440 2703 613 2776 γῆσαι.
687 2716 856 2759 voces
905 2700 1037 2774 has,
1102 2700 1239 2772 quia
1277 2699 1433 2758 haud
1472 2699 1647 2758 facile
1687 2703 1821 2758 sunt
1859 2699 2184 2772 intellectu,
2232 2715 2436 2773 graece
2479 2700 2677 2766 attuli;

446 2796 717 2856 videntur
759 2802 953 2857 autem
992 2797 1061 2856 τὰ
1103 2795 1465 2874 ἐπιφερόμενα
1493 2796 1639 2855 nihil
1659 2796 1819 2856 aliud
1851 2796 2186 2870 significare
2226 2796 2339 2855 nisi
2375 2802 2598 2855 statuas
2625 2802 2685 2856 et

443 2895 785 2972 λευκουργεῖν
825 2894 980 2952 idem
1020 2893 1173 2965 quod
1212 2894 1434 2970 γυψοῦν,
1488 2894 1536 2953 si
1576 2894 1837 2953 Bockhio
1882 2894 2183 2953 credimus.
2242 2894 2303 2952 in
2331 2892 2445 2953 fine
2475 2894 2681 2954 deinde

442 2990 610 3049 huius
678 2992 839 3050 tituli
909 2991 1168 3049 omnibus
1235 2991 1326 3050 his
1392 2992 1566 3050 rebus
1635 2992 1884 3065 quinque
1953 2992 2200 3066 naopoei
2210 2992 2261 3067 ⁴)
2326 2992 2681 3051 consuluisse

442 3086 727 3147 dicuntur.
810 3088 921 3146 hoc
980 3088 1160 3162 igitur
1217 3088 1346 3147 loco
1410 3089 1481 3147 de
1530 3088 1778 3148 Veneris
1838 3090 2054 3162 templo
2112 3090 2303 3163 agitur
2353 3089 2675 3163 reficiendo,

443 3184 604 3242 cuius
643 3185 733 3242 rei
771 3185 1101 3244 sacerdotes
1134 3185 1267 3244 sine
1308 3185 1481 3244 dubio
1521 3190 1790 3244 auctores
1830 3186 2090 3254 fuerunt,
2134 3202 2251 3258 qua
2291 3185 2363 3245 de
2405 3202 2579 3245 causa
2607 3202 2680 3244 ex

446 3282 650 3354 templi
690 3298 916 3355 quoque
957 3282 1182 3342 aerario
1223 3282 1504 3355 pecuniae
1545 3298 1743 3341 omnes
1783 3284 2007 3342 solutae
2049 3266 2201 3342 sunt.

599 3379 716 3438 alio
778 3378 983 3439 deinde
1045 3380 1370 3439 testimonio
1433 3381 1652 3438 utimur
1710 3381 1844 3439 hoc.
1923 3378 2366 3438 Lacedaemone
2404 3381 2678 3452 templum

441 3479 571 3532 erat
617 3475 887 3535 Hila‘irae
928 3476 1308 3549 Phoebaeque
1350 3477 1673 3553 dicatum5),
1736 3492 1978 3549 quarum
2044 3476 2366 3535 sacerdotio
2428 3477 2679 3550 virgines

441 3570 822 3646 fungebantur
860 3574 1248 3647 Leucippides
1289 3579 1350 3633 et
1390 3574 1548 3648 ipsae
1590 3578 1847 3635 vocatae.
1910 3590 2027 3632 una
2057 3578 2253 3631 autem
2294 3589 2506 3643 earum,
2552 3592 2678 3634 cum

440 3669 805 3729 simulacrum
845 3671 1096 3731 alterum
1135 3677 1398 3745 tempore
1438 3672 1552 3730 iam
1594 3675 1745 3731 esset
1771 3671 2141 3739 deminutum,
2185 3675 2416 3744 gratum
2446 3687 2508 3731 se
2537 3673 2679 3731 deae

582 3908 620 3976 ¹)
656 3908 894 3963 Pausan.
930 3907 1007 3963 IV
1044 3910 1132 3977 31,
1170 3910 1218 3964 6.

584 3997 626 4066 ²)
667 3994 763 4052 cfr.
804 3993 865 4055 C.
903 3995 948 4052 Ι.
984 3995 1053 4055 A.
1091 3995 1148 4051 H
1183 3997 1307 4052 403.

586 4082 629 4152 ³)
668 4084 737 4140 de
775 4085 977 4156 quibus
1014 4084 1124 4140 vid.
1199 4083 1536 4156 Schomann,
1575 4085 1760 4144 altert.
1800 4084 1856 4141 11
1892 4102 1946 4156 p.
1983 4088 2106 4141 416.

584 4171 630 4243 ⁴)
669 4173 738 4228 de
774 4173 863 4229 his
899 4173 1012 4229 iam
1049 4174 1218 4228 antea
1254 4174 1611 4244 exposuimus
1650 4191 1705 4245 p.
1744 4175 1811 4231 31
1851 4177 1966 4230 not.
2009 4178 2053 4229 1.

589 4260 636 4330 ⁵)
670 4260 834 4320 Paus.
872 4261 958 4318 111
1000 4265 1083 4333 16,
1125 4265 1170 4319 1.
