3226 5078
1324 537 1758 600 ...53-

589 734 655 784 ut
704 725 1000 800 Olympiae
1049 728 1192 787 item
1240 729 1487 789 Athenis
1527 730 1816 806 φαιδυντὴν
1870 729 1997 795 Διὸς
2039 728 2342 807 Ὀλυμπίου
2379 730 2462 789 ’ἐν
2516 729 2661 790 ἄστει

439 823 724 882 exstitisse
774 841 845 883 ex
895 825 1076 884 attica
1128 826 1397 885 discimus
1450 826 1825 900 inscriptione
1873 827 2048 897 sellae
2088 829 2149 886 in
2187 828 2391 888 Liberi
2430 829 2657 888 theatro

433 921 655 994 positae
684 922 892 995 incisa.
975 923 1076 995 qui
1117 923 1318 983 eodem
1355 929 1424 982 ut
1460 924 1693 984 videtur
1741 925 1911 984 modo
1963 941 2166 985 curare
2207 925 2452 987 debebat
2490 926 2536 986 J
2536 928 2657 987 ovis

433 1019 684 1092 Olympii
703 1020 944 1093 signum,
975 1020 1135 1079 cuius
1163 1021 1438 1094 templum
1463 1021 1709 1081 Athenis
1734 1021 2067 1082 Hadrianus
2094 1028 2267 1095 atque
2294 1023 2656 1083 simulacrum

436 1114 843 1190 perficiendum
885 1122 1206 1192 curaverat,
1248 1119 1398 1178 unde
1438 1135 1511 1178 ex
1551 1118 1838 1179 Hadriani
1879 1120 2105 1179 demum
2143 1121 2501 1195 temporibus
2548 1123 2658 1181 hoc

438 1230 641 1273 munus
679 1216 1005 1275 institutum
1045 1232 1171 1276 esse
1212 1222 1475 1291 apparet.
1557 1232 1670 1289 quo
1722 1218 1793 1278 de
1845 1235 2080 1279 munere
2121 1235 2461 1292 quamquam
2501 1220 2658 1279 aliud

436 1311 580 1370 nihil
600 1318 690 1372 est
710 1313 1004 1386 traditum,
1035 1319 1230 1373 tamen
1257 1315 1429 1374 etiam
1457 1315 1590 1374 huic
1617 1313 1804 1375 officio
1826 1317 1974 1375 certi
1995 1321 2286 1376 curatores
2306 1333 2344 1375 a
2362 1317 2660 1392 republica

433 1409 606 1468 electi
645 1409 924 1485 praefecti
964 1428 1089 1471 esse
1129 1412 1426 1472 videntur:
1470 1429 1582 1486 quo
1623 1419 1816 1474 autem
1842 1431 1914 1472 ex
1939 1432 2164 1488 genere,
2205 1416 2555 1489 ignoramus,

589 1508 882 1567 Bockhius
924 1509 1170 1582 denique
1211 1509 1389 1568 alium
1427 1526 1653 1583 quoque
1680 1510 1793 1570 huc
1831 1510 2190 1571 referendum
2232 1529 2355 1572 esse
2382 1513 2659 1572 iudicavit

433 1605 665 1663 titulum
692 1605 757 1667 G.
777 1605 827 1666 I.
851 1605 920 1665 G.
950 1605 984 1665 I
1015 1607 1146 1679 150,
1189 1605 1438 1666 Athenis
1464 1608 1619 1666 inter
1638 1607 2017 1669 Parthenonis
2043 1609 2256 1669 rudera
2281 1616 2574 1683 repertum
2586 1609 2658 1685 1);
2715 1658 2721 1664 .

432 1702 575 1761 haec
616 1703 781 1774 *enim
831 1701 954 1763 fere
1003 1703 1063 1761 in
1094 1700 1486 1765 'adnotatione
1524 1705 1600 1765 ad
1626 1705 1777 1764 hanc
1803 1706 2231 1784 inscriptionem
2272 1706 2412 1767 facit
2450 1707 2655 1767 verba:

437 1800 650 1873 ‘ag-itur
689 1799 747 1875 (ξ
790 1799 896 1876 39)
957 1800 1029 1860 de
1088 1806 1282 1861 statua
1321 1802 1619 1862 Minervae
1679 1803 1943 1878 virginis,
2007 1819 2178 1875 quam
2218 1804 2454 1864 Phidias
2502 1803 2657 1865 fecit.

433 1897 558 1956 eius
608 1897 772 1957 basin
809 1898 899 1957 01.
941 1899 1035 1971 95,
1082 1898 1116 1956 3
1180 1897 1464 1958 refecerat
1521 1899 1856 1960 Aristocles.
1938 1900 2009 1959 de
2058 1901 2236 1960 variis
2283 1902 2392 1961 hoc
2431 1902 2657 1961 nomine

430 1993 744 2055 artificibus
787 1995 910 2053 dixi
949 1994 1023 2054 ad
1072 2011 1166 2055 no.
1204 1996 1299 2064 23,
1341 1996 1440 2054 ubi
1480 1996 1623 2056 duos
1662 1996 1868 2056 atticos
1908 1996 2076 2056 docui
2101 1996 2422 2062 Aristocles
2460 1996 2655 2058 fuisse.

429 2093 676 2153 alterum
711 2097 953 2167 patrem,
994 2093 1240 2153 alterum
1270 2091 1450 2152 filium
1476 2092 1732 2167 clectus,
1776 2094 1877 2166 qui
1903 2093 2151 2155 Phidiae
2176 2095 2405 2155 videtur
2429 2096 2658 2156 adiutor

429 2190 619 2251 fuisse.
665 2197 726 2251 et
763 2192 950 2250 minor
973 2191 1075 2250 ille
1097 2192 1416 2253 Aristocles
1441 2193 1636 2267 potuit
1659 2193 1752 2254 Ol.
1781 2195 1875 2263 95,
1922 2195 1956 2253 3
1986 2200 2276 2269 superstes
2297 2212 2436 2267 esse,
2464 2196 2515 2254 si
2541 2208 2656 2254 non

429 2275 670 2361 iuvenis,
712 2294 776 2348 at
802 2294 960 2348 certe
987 2305 1188 2358 senex;
1230 2290 1416 2364 igitur
1453 2291 1604 2364 vide,
1646 2308 1719 2351 ne
1746 2297 1815 2351 ut
1840 2291 2140 2368 Olympiae
2166 2293 2412 2353 Phidiae
2438 2295 2656 2367 posteri

429 2387 833 2462 Phaedryntae
884 2388 1028 2446 dicti
1067 2387 1392 2447 habuerunt
1429 2389 1520 2447 ius
1559 2393 1785 2449 statuae
1825 2390 1863 2449 J
1864 2391 1985 2448 ovis
2023 2391 2377 2464 purgandae,
2418 2393 2505 2451 ita
2542 2392 2652 2450 1100

430 2486 642 2561 negotii
680 2486 926 2548 Phidiae
964 2492 1026 2547 et
1065 2485 1304 2547 01οὃωο
1342 2488 1591 2562 posteris
1630 2487 1883 2549 Athenis
1925 2488 2121 2548 datum
2159 2488 2358 2559 fuerit,
2410 2494 2476 2549 nt
2513 2505 2654 2563 pur-

432 2590 638 2658 garent
659 2585 1045 2645 Parthenonis
1080 2591 1331 2645 statuam
1358 2591 1417 2645 et
1442 2586 1764 2647 reficerent.
1825 2592 1885 2646 et
1909 2587 2125 2662 negotii
2149 2588 2304 2646 illius
2332 2587 2652 2661 designatio

427 2683 614 2743 inesse
683 2683 915 2743 videtur
995 2684 1085 2741 illi
1144 2683 1559 2743 additamento:
1646 2685 1676 2743 ὁ
1738 2684 2173 2763 ἀπο[φαιδρυντ.]
2187 2685 2281 2762 ἧς,
2366 2685 2472 2744 etsi
2537 2701 2654 2745 una

429 2781 627 2841 littera
687 2781 915 2842 brevius
975 2781 1086 2841 hoc
1157 2782 1615 2857 supplementum
1674 2784 1800 2850 est’.
1899 2784 2071 2843 immo
2142 2784 2385 2844 duabus:
2465 2794 2660 2843 vocem

425 2879 584 2937 enim
623 2879 774 2938 hanc
814 2878 874 2938 in
915 2879 1102 2939 titulis
1142 2880 1267 2940 sine
1309 2902 1339 2958 ρ
1379 2881 1578 2941 littera
1618 2882 1791 2940 scribi
1827 2883 1943 2941 iam
1980 2882 2086 2941 alii
2114 2882 2657 2942 animadverterunt.

429 2974 596 3035 nobis
635 2976 864 3048 quidem
903 2976 1050 3035 nihil
1090 2976 1249 3035 aliud
1288 2977 1401 3037 nisi
1444 2977 1896 3056 ἀποκαταστάτης
1932 2978 2307 3055 (quamquam
2333 2980 2477 3038 11000
2516 2996 2658 3053 quo-

424 3089 539 3145 que
578 3090 691 3132 vox
732 3073 962 3134 brevior
1003 3073 1119 3150 est)
1159 3074 1254 3134 vel
1294 3075 1486 3135 simile
1521 3075 1807 3148 quoddam
1834 3076 2024 3137 latere
2050 3076 2110 3134 in
2139 3076 2238 3135 illo
2268 3076 2659 3137 additamento

431 3172 688 3245 videtur,
755 3176 824 3230 ut
862 3172 970 3230 1100
1011 3172 1240 3244 quidem
1278 3173 1407 3232 1000
1448 3189 1612 3233 nemo
1656 3174 1802 3233 alius
1842 3174 1923 3233 sit
1962 3172 2315 3249 significatus
2328 3219 2343 3244 ,
2411 3176 2522 3235 nisi
2560 3176 2661 3249 qui

430 3269 634 3330 refecit
681 3268 864 3329 basim
912 3268 1123 3328 artifex
1175 3274 1237 3329 et
1275 3270 1347 3329 de
1386 3270 1718 3344 phaedynta
1757 3271 1999 3345 cogitari
2037 3272 2265 3330 omnino
2304 3289 2421 3331 non
2460 3275 2655 3347 possit.

433 3367 764 3441 phaedynta
802 3371 994 3427 autem
1035 3367 1207 3426 huius
1247 3367 1543 3427 simulacri
1581 3368 1725 3427 item
1764 3373 1829 3426 ut
1869 3369 2114 3428 aliorum
2155 3369 2396 3429 duorum
2429 3371 2568 3443 quin
2591 3386 2659 3430 re

435 3480 577 3524 vera
616 3464 922 3533 exstiterit,
967 3464 1223 3524 dubitari
1266 3465 1633 3525 nihilominus
1671 3481 1786 3524 non
1824 3472 2035 3548 potest.
2048 3466 2097 3542 ²)

590 3564 695 3624 hos
722 3569 916 3623 autem
942 3563 1304 3638 phaedyntas
1331 3580 1403 3623 ne
1429 3564 1556 3637 quis
1582 3565 1737 3638 ipsos
1760 3556 2127 3624 simulacrum
2147 3565 2448 3626 mundasse
2469 3572 2659 3641 putet3

430 3721 580 3776 Eleis
617 3720 857 3777 dicatam
900 3738 1026 3777 esse
1072 3724 1291 3778 constat
1326 3722 1591 3791 (01011001.
1639 3740 1684 3779 z.
1727 3724 1863 3778 1877
1901 3739 1956 3793 p.
1998 3724 2099 3779 193
2133 3737 2224 3780 110.
2266 3724 2412 3792 100);
2489 3724 2661 3780 alium

432 3810 522 3865 vel
570 3810 852 3868 archontis
898 3826 1130 3866 munere
1175 3810 1427 3867 functum
1472 3828 1594 3867 esse
1633 3812 2019 3883 comperimu8‚
2054 3810 2164 3868 vid.
2201 3810 2327 3868 Keil
2363 3813 2425 3867 in
2460 3812 2659 3871 Philol.

432 3898 616 3959 XXIII
652 3900 836 3971 (1866)
874 3914 928 3970 ρ.
962 3900 1182 3970 213114.

575 3989 615 4058 ¹)
651 3988 752 4045 sed
786 3988 885 4045 cfr.
922 3989 1154 4045 staatsh.
1190 3988 1248 4044 II
1283 4006 1338 4060 p.
1378 3992 1499 4047 260.
1573 3989 1641 4045 de
1698 3989 1891 4048 eodem
1945 3990 2050 4046 hoc
2087 3991 2248 4047 titulo
2286 3992 2402 4061 egit
2435 3991 2660 4047 Hirsch-

431 4075 564 4148 feld,
597 4078 683 4134 tit.
721 4080 850 4134 stat.
887 4094 943 4148 p.
986 4078 1085 4133 157
1126 4096 1217 4135 nc.
1254 4081 1306 4134 4.

572 4168 617 4237 ²)
656 4166 762 4222 hoc
799 4167 947 4222 enim
982 4166 1105 4223 luce
1145 4168 1349 4223 clarius
1387 4184 1456 4223 ex
1493 4166 1658 4224 Paus.
1695 4166 1743 4222 V
1784 4170 1868 4238 11,
1911 4170 1977 4225 10
2001 4171 2252 4240 apparet,
2290 4186 2403 4241 quo
2431 4169 2498 4226 de
2534 4169 2659 4225 loco

434 4256 546 4329 iam
581 4257 746 4311 antea
783 4256 996 4325 egimus
1033 4273 1088 4326 p.
1128 4256 1214 4313 51.
1253 4255 1350 4313 cfr.
1388 4256 1692 4326 Botticher‚
1727 4255 1866 4312 tekt.
1903 4255 1959 4311 II
1995 4274 2048 4327 p.
2087 4260 2236 4313 611.-
