3226 5078
1329 551 1755 615 ..61-

430 742 624 801 tannis
685 742 1193 817 distribuerentur,
1259 744 1357 815 qui
1416 744 1479 802 in
1530 744 1625 804 die
1675 744 1856 818 ipsius
1906 746 2086 804 natali
2126 746 2206 805 ad
2243 750 2494 806 statuam
2536 748 2659 809 eius

365 906 382 928 ’
433 840 849 901 convenissent.
916 841 1027 900 hoc
1066 846 1259 901 autem
1300 842 1393 901 die
1421 842 1555 915 quin
1581 858 1619 901 a
1653 843 2013 903 senatoribus
2042 849 2103 902 et
2121 843 2475 918 presbyteris
2493 845 2662 906 laetis

431 939 650 1012 signum
690 938 966 1013 Diogenis
1004 939 1390 1025 pulcherrime
1431 945 1700 999 ornatum
1742 941 1834 1014 sit,
1880 941 2007 1014 quis
2049 945 2141 1000 est
2180 943 2277 1014 qui
2320 942 2581 1002 dubitet?

594 1052 723 1095 cum
748 1036 929 1110 igitur
953 1036 1087 1096 inde
1113 1038 1484 1097 statuendum
1508 1037 1797 1107 videatur,
1835 1043 2204 1111 cognatorum
2231 1040 2324 1099 vel
2351 1042 2664 1100 amicorum

434 1133 642 1193 statuis
682 1134 911 1206 publice
951 1134 1157 1208 positis
1195 1136 1457 1208 privatos
1496 1152 1611 1194 non
1651 1152 1787 1195 raro
1828 1152 2063 1210 operam
2104 1137 2325 1197 dedisse
2368 1139 2660 1212 ornandis,

434 1230 728 1304 singulare
769 1248 1004 1304 prorsus
1043 1232 1407 1292 iudicandum
1434 1238 1524 1292 est
1550 1234 1871 1308 exemplum
1901 1233 2051 1319 quod
2077 1235 2353 1295 Aelianus
2378 1238 2438 1294 in
2468 1238 2663 1296 variae

434 1329 709 1389 historiae
730 1330 769 1387 1.
793 1331 881 1388 IX
902 1331 979 1390 39
1003 1330 1260 1403 prodidit
1285 1331 1617 1393 memoriae.
1655 1332 1864 1391 nobilis
1884 1332 2038 1391 enim
2056 1333 2276 1392 iuvenis
2295 1332 2667 1395 Atheniensis

435 1427 768 1500 gravissimo
809 1428 1006 1490 Bonae
1044 1429 1349 1489 Fortunae
1399 1429 1690 1489 simulacri
1751 1429 1991 1490 affectus
2042 1435 2130 1490 est
2181 1447 2376 1491 amore
2416 1433 2491 1492 ad
2530 1449 2667 1507 pry-

437 1531 667 1586 taneum
714 1527 999 1588 collocati.
1097 1546 1225 1587 cum
1287 1534 1479 1589 autem
1538 1532 1604 1588 ut
1664 1529 1957 1603 acciperet
2002 1529 2147 1589 illud
2188 1547 2225 1588 a
2264 1536 2467 1589 senatu
2507 1529 2665 1589 nullo

439 1622 617 1699 modos
666 1630 861 1698 posset
906 1625 1218 1698 impetrare
1231 1669 1246 1694 ,
1297 1626 1505 1685 taeniis
1552 1627 1751 1685 multis
1801 1627 2026 1701 signum
2067 1632 2127 1686 et
2168 1628 2397 1686 coronis
2437 1627 2668 1700 cingens

378 1780 385 1789 ,
441 1728 819 1795 ornatumque
858 1723 1331 1808 pretiosissimum
1359 1725 1413 1782 ei
1440 1724 1755 1784 adhaerens
1782 1740 1949 1784 sacra
1973 1724 2114 1785 fecit
2139 1730 2311 1797 atque
2338 1725 2667 1783 innumera-

441 1817 584 1879 biles
614 1819 960 1895 profundens
979 1821 1246 1881 laerimas
1264 1821 1368 1881 illo
1388 1822 1512 1894 ipso
1539 1823 1668 1881 loco
1689 1823 2072 1881 voluntariam
2106 1826 2346 1881 mortem
2369 1823 2668 1897 oppetivit.

602 1921 686 1980 ita
725 1936 854 1978 cum
894 1926 1042 1992 quae
1084 1920 1154 1980 de
1198 1936 1338 1980 cura
1376 1924 1697 1980 statuarum
1736 1918 1880 1980 locis
1921 1919 2166 1994 publicis
2194 1921 2507 1993 positarum
2533 1937 2666 1993 pro·

444 2019 566 2079 dita
605 2023 741 2079 sunt
777 2018 1086 2077 memoriae
1129 2018 1712 2089 commemoravimus,
1755 2017 1873 2078 iam
1900 2018 2075 2091 signis
2101 2017 2229 2077 loco
2255 2034 2410 2077 sacro
2432 2019 2670 2077 statutis

444 2118 543 2192 qui
584 2117 903 2176 consultum
942 2116 1021 2175 sit
1058 2116 1370 2178 videamus,
1428 2121 1488 2176 et
1526 2117 1618 2176 his
1659 2117 1886 2189 quidem
1928 2132 2154 2191 semper
2193 2115 2314 2177 fere
2341 2116 2669 2176 sacerdotes

447 2215 798 2276 consuluisse
844 2230 940 2273 res
987 2214 1118 2287 ipsa
1166 2213 1362 2281 docetz
1425 2214 1526 2274 sed
1577 2215 1754 2274 certis
1807 2230 2029 2291 quoque
2072 2214 2154 2274 de·
2180 2215 2291 2273 hac
2342 2230 2408 2281 re
2456 2214 2675 2273 utimur

450 2312 807 2374 testimoniis.
887 2311 1052 2371 nobis
1112 2311 1263 2371 enim
1322 2312 1436 2372 huc
1494 2312 1787 2386 pertinere
1849 2312 2077 2371 videtur
2124 2312 2342 2372 vasculi
2392 2312 2673 2386 quaedam

447 2413 697 2486 pictura,
761 2425 932 2483 quam
989 2409 1149 2469 vides
1207 2410 1269 2468 in
1306 2409 1869 2469 Muller-Wieseler.
1933 2409 2052 2469 alte
2105 2409 2328 2470 denkm.
2384 2411 2498 2470 tab.
2544 2408 2578 2468 I
2617 2413 2675 2472 4.

449 2527 582 2571 nam
642 2524 984 2583 quamquam
1043 2525 1117 2568 ex
1178 2508 1467 2581 amphoris
1515 2524 1659 2581 quas
1710 2508 2010 2568 ministrae
2063 2507 2212 2568 duae
2247 2511 2565 2582 apportant
2605 2507 2677 2567 de

334 2690 339 2695 .
452 2607 778 2667 mundando
839 2608 1013 2667 etiam
1072 2607 1168 2665 hic
1217 2606 1523 2666 simulacro
1575 2608 1669 2680 agi
1708 2606 2061 2666 Wieselerus
2111 2607 2432 2678 contendit,
2487 2606 2679 2668 virum

450 2713 645 2766 tamen
693 2706 854 2780 signo
905 2705 1228 2765 adstantem
1268 2704 1378 2762 hoc
1418 2720 1530 2763 non
1570 2709 1691 2763 tam
1731 2703 2166 2763 emundaturum
2206 2720 2376 2776 quam
2415 2702 2546 2763 uvis
2587 2719 2677 2761 or·

454 2812 721 2865 naturum
761 2820 887 2864 esse
927 2821 1000 2863 ex
1039 2805 1269 2877 pictura
1308 2805 1497 2878 magis
1537 2810 1812 2864 accurata
1851 2820 2131 2878 apparere
2169 2804 2321 2863 idem
2347 2801 2677 2878 adjungit.¹)

456 2904 530 2964 ad
579 2903 881 2962 dexteram
941 2905 1131 2961 antem
1191 2902 1492 2962 simulacri
1551 2907 1779 2976 partem
1830 2903 2036 2962 mulier
2073 2902 2233 2977 picta
2273 2907 2361 2961 est
2400 2901 2687 2975 pretiosas

457 3008 644 3063 vestes
693 3002 899 3061 induta
948 3001 1122 3078 (unde
1176 2998 1534 3060 sacerdotem
1587 3015 1713 3059 eam
1756 3016 1880 3060 esse
1922 3015 2202 3072 sacroque
2252 2991 2379 3059 loco
2429 3015 2555 3057 rem
2595 2998 2689 3072 agi

460 3099 749 3176 colligas),
791 3115 942 3173 quae
980 3115 1203 3159 ramum
1243 3099 1524 3158 virentem
1564 3113 1738 3157 manu
1778 3103 1984 3171 gestat,
2027 3113 2140 3168 quo
2181 3096 2513 3156 inferiorem
2552 3097 2684 3155 her-

459 3217 587 3259 mae
626 3204 851 3272 partem
891 3198 1210 3257 cincturam
1251 3212 1379 3257 eam
1420 3213 1544 3256 esse
1584 3196 1876 3254 Brunnius
1917 3194 2156 3256 iudicat.
2172 3194 2221 3269 ²)
2290 3196 2457 3269 signa
2496 3198 2688 3253 autem

461 3299 572 3358 hoc
610 3297 778 3356 modo
818 3296 1124 3369 praecipue
1164 3293 1365 3353 diebus
1405 3293 1571 3353 festis
1611 3298 1672 3352 et
1713 3293 1835 3353 sine
1873 3292 1999 3351 ulla
2038 3292 2400 3352 dubitatione
2439 3297 2562 3351 tum
2602 3291 2689 3349 in-

463 3397 663 3472 primis
702 3399 910 3455 ornata
948 3398 1097 3466 sunt,
1142 3408 1271 3450 cum
1312 3392 1469 3451 circa
1493 3392 1715 3465 signum
1740 3392 1928 3466 ipsum
1954 3390 2163 3451 festum
2189 3394 2476 3464 ageretur,
2522 3400 2689 3462 quem

463 3512 682 3555 morem
710 3492 910 3565 Garyis
949 3492 1200 3565 viguisse
1241 3508 1280 3549 a
1317 3489 1605 3550 Pausania
1621 3489 1668 3565 ³)
1712 3489 1998 3549 discimus.
2053 3488 2253 3547 eximii
2295 3493 2487 3548 autem
2527 3502 2689 3559 pror-

466 3611 562 3654 sus
609 3593 854 3652 honores
904 3590 978 3649 ad
1016 3589 1408 3649 Ptolemaeum
1446 3587 1809 3661 Epiphanem
1859 3587 1932 3645 ab
1973 3586 2229 3660 Aegypti
2278 3586 2457 3645 totius
2498 3600 2686 3644 sacer-

468 3690 698 3752 dotibus
737 3688 915 3750 delati
956 3687 1164 3763 sunt⁴),
1207 3686 1308 3759 qui
1345 3687 1408 3745 in
1449 3685 1706 3745 omnibus
1746 3684 1999 3759 Aegypti
2037 3683 2272 3758 templis
2311 3683 2473 3757 signa
2500 3682 2556 3742 ei
2583 3682 2686 3741 de-

468 3789 661 3848 dicare
701 3786 1137 3854 constituerunt.
1218 3786 1328 3844 hoc
1367 3788 1561 3844 autem
1603 3799 1718 3842 non
1759 3782 1900 3841 satis
1940 3781 2150 3840 visum:
2207 3780 2498 3841 decretum
2539 3778 2690 3840 enim

614 3923 655 3991 ι)
692 3920 803 3979 vid.
841 3917 1143 3989 Campana,
1178 3918 1293 3973 ant.
1332 3932 1460 3986 opp.
1496 3915 1557 3970 in
1592 3913 1832 3985 plastica
1867 3912 1922 3968 II
1959 3915 1998 3968 t.
2035 3916 2124 3972 44.

611 4009 793 4082 2)’(ε1Ξι-.
830 4008 977 4065 Bott.
1013 4006 1152 4063 tekt.
1187 4004 1244 4060 11
1280 4005 1311 4075 ξ
1350 4007 1436 4074 61,
1477 4006 1544 4061 10
1578 4019 1634 4074 p.
1673 4004 1795 4059 572.

612 4097 657 4170 ³)
694 4097 858 4153 Paus.
881 4095 967 4151 III
992 4097 1045 4167 8,
1069 4097 1119 4152 7.
1156 4093 1266 4154 vid.
1292 4092 1563 4163 Ger-hard,
1600 4090 1762 4148 akad.
1802 4090 1987 4149 abhdl.
2026 4089 2071 4161 Ι,
2108 4092 2211 4146 246
2254 4092 2312 4145 et
2345 4090 2457 4146 tab.
2496 4089 2585 4159 25,
2608 4090 2693 4147 13.

474 4218 541 4229 —
578 4186 782 4246 Herod.
821 4188 869 4243 V
907 4188 993 4243 83.

615 4276 662 4348 ⁴)
700 4274 759 4332 G.
797 4275 841 4331 Ι.
880 4275 945 4333 G.
983 4275 1067 4331 III
1102 4277 1261 4331 4697.
