3226 5078
1414 524 1854 587 „46-

515 716 798 777 facturam
838 722 1048 790 putans
1087 733 1193 790 pro
1236 722 1432 777 vetere
1475 717 1624 790 signi
1665 715 1817 776 facie
1856 716 2115 790 reposuit
2155 717 2344 790 aliam,
2389 733 2459 775 eo
2500 716 2748 777 artificio

517 814 887 887 elaboratam,
953 831 1066 887 quo
1128 811 1258 873 cum
1316 815 1446 888 ipsa
1505 814 1732 872 viveret
1792 813 2100 872 simulacra
2161 814 2420 888 exsculpi
2470 815 2752 876 solebant.

517 927 859 985 quamquam
918 913 1063 972 haec
1123 929 1251 985 spes
1301 929 1428 971 eam
1478 911 1707 970 fefellit:
1775 910 2022 970 alterum
2075 912 2224 971 enim
2276 912 2503 985 signum
2556 912 2750 971 eodem

516 1009 685 1069 modo
727 1010 1069 1069 restitutura
1103 1010 1235 1068 'visu
1276 1008 1558 1068 deterrita
1600 1014 1712 1067 est.

676 1106 991 1166 maioribus
1052 1111 1246 1165 autem
1307 1122 1434 1164 cum
1497 1106 1723 1164 damnis
1771 1105 2049 1178 templum
2100 1110 2254 1166 esset
2313 1105 2598 1174 affectum,
2659 1107 2750 1165 his

514 1204 851 1278 plerumque
892 1221 929 1262 a
967 1204 1261 1277 republica
1298 1204 1593 1276 provisum
1635 1220 1760 1263 esse
1800 1202 2107 1279 videtur¹);
2173 1208 2427 1263 attamen
2466 1220 2580 1262 non
2620 1219 2752 1264 raro

519 1304 849 1362 sacerdotes
889 1299 1097 1377 ipsos²)
1138 1302 1225 1377 (et
1267 1300 1509 1360 forsitan
1535 1302 1628 1360 vel
1653 1300 1935 1375 privatos)
1965 1301 2076 1360 hoc
2101 1300 2271 1360 modo
2301 1301 2372 1360 de
2399 1302 2489 1360 dis
2515 1302 2752 1360 meritos

519 1416 644 1460 esse
684 1417 790 1473 pro
833 1406 993 1459 certo
1033 1415 1334 1472 possumus
1372 1398 1676 1458 affirmare.

684 1498 928 1570 denique
969 1498 1020 1555 si
1060 1497 1401 1569 quaerimus,
1446 1499 1627 1572 signis
1664 1504 1991 1573 temporum
2029 1499 2242 1559 iniuria
2280 1499 2578 1558 inutilibus
2616 1515 2754 1572 pau-

517 1595 687 1655 latim
726 1595 967 1655 redditis
1009 1596 1147 1669 quid
1173 1596 1391 1655 factum
1420 1580 1512 1666 sit,
1557 1598 1793 1657 deorum
1822 1598 2052 1670 quidem
2079 1597 2401 1659 simulacra.
2445 1597 2753 1670 praecipue

518 1696 711 1752 autem
771 1708 918 1764 quae
978 1699 1313 1752 consecrata
1349 1700 1566 1763 erant,
1630 1695 1774 1754 locis
1835 1694 2174 1768 quibusdam
2235 1694 2436 1767 templi
2501 1694 2755 1766 reposita

518 1788 711 1860 ibique
752 1794 995 1863 servata,
1039 1806 1327 1863 nunquam
1370 1791 1562 1851 deleta
1602 1808 1729 1851 esse
1769 1791 2059 1850 videntur.
2075 1791 2124 1866 2)
2187 1796 2246 1851 et
2271 1792 2490 1850 Romae
2518 1790 2747 1864 quidem

517 1885 580 1943 in
617 1885 663 1944 J
665 1888 786 1946 ovis
829 1887 1141 1961 Capitolini
1181 1889 1399 1962 templo
1440 1887 1685 1948 favissas
1725 1890 1783 1947 h.
1829 1905 1876 1948 e.
1923 1888 2096 1947 cellas
2138 1888 2414 1961 quasdam
2456 1893 2517 1946 et
2543 1888 2747 1967 cister-

519 1999 623 2043 nas
664 1985 970 2058 exstitisse,
1015 2002 1162 2058 quae
1202 1987 1264 2044 in
1305 2003 1444 2046 area
1484 1987 1590 2045 sub
1632 1992 1792 2045 terra
1832 1990 2024 2045 essent
2053 1992 2113 2044 et
2138 1985 2239 2044 ubi
2264 1985 2465 2058 reponi
2500 1987 2749 2044 solerent

519 2082 681 2155 signa
720 2088 922 2141 vetera
959 2100 1031 2142 ex
1071 2085 1286 2157 templo
1315 2083 1575 2157 collapsa
1602 2085 1832 2157 aliaque
1860 2084 2101 2143 donaria
2126 2100 2163 2142 a
2188 2082 2383 2143 Gellio
2427 2082 2531 2158 (H.
2567 2084 2656 2154 10,
2677 2083 2751 2159 2)

522 2177 819 2253 discimus3
871 2180 970 2237 ubi
1023 2181 1139 2239 hoc‘
1172 2197 1391 2253 quoque
1432 2181 1692 2254 additur,
1747 2181 1974 2240 favissis
2023 2180 2114 2238 his
2152 2196 2286 2239 usos
2327 2196 2451 2239 esse
2492 2181 2755 2240 aedituos

520 2274 878 2348 Capitolinos
939 2277 1016 2336 ad
1076 2278 1514 2338 custodiendum
1580 2295 1675 2338 res
1734 2282 1959 2338 veteres
2009 2279 2327 2352 religiosas.
2410 2278 2565 2351 quod
2604 2278 2755 2336 idem

519 2376 770 2431 testatur
807 2374 1020 2434 Festus
1063 2375 1145 2452 (p.
1193 2375 1321 2451 88);
1363 2376 1662 2449 simileque
1702 2376 1775 2436 ab
1827 2371 2090 2450 Ovidio³)
2143 2376 2478 2449 exponitur,
2543 2376 2642 2448 qui
2693 2375 2756 2434 in

519 2486 809 2530 recessum
849 2474 1211 2533 tenebrosum
1252 2474 1558 2548 speluncae
1598 2473 1847 2532 similem
1885 2489 2001 2532 non
2041 2474 2246 2547 procul
2271 2490 2309 2530 a
2334 2472 2550 2547 templo
2579 2472 2753 2530 situm

519 2570 704 2628 multa
764 2588 801 2629 a
859 2567 1163 2631 sacerdote
1225 2572 1386 2646 signa
1443 2572 1641 2645 lignea
1700 2577 1962 2631 veterum
2025 2572 2263 2630 deorum
2303 2572 2589 2630 translata
2627 2586 2751 2629 esse

520 2668 779 2729 tradidit.
860 2668 1075 2729 Graeci
1134 2670 1272 2742 quin
1331 2670 1535 2728 eadem
1594 2669 1658 2727 in
1699 2669 1938 2729 deorum
1978 2669 2288 2728 simulacra
2326 2668 2416 2727 usi
2456 2668 2570 2727 sint
2610 2667 2756 2726 reli-

520 2764 693 2852 gione
755 2765 1022 2825 dubitare
1082 2782 1197 2825 non
1245 2766 1406 2837 licet,
1472 2783 1657 2839 neque
1697 2766 2097 2838 improbabilis
2138 2766 2303 2825 nobis
2343 2765 2571 2825 videtur
2611 2765 2756 2824 Bot-

518 2861 733 2919 ticheri
774 2864 1076 2931 sententia,
1120 2863 1218 2936 qui
1259 2863 1606 2922 Pausaniam
1649 2864 1955 2923 simulacra
1995 2863 2100 2922 illa
2137 2864 2390 2936 graviter
2427 2863 2580 2923 bello
2608 2863 2753 2920 Per-

412 2976 418 2982 ·
520 2958 642 3018 sico
702 2958 947 3018 flammis
1008 2958 1215 3019 affecta
1272 2961 1334 3018 in
1394 2960 1621 3019 favissis
1671 2960 1927 3020 Poliadis
1987 2961 2190 3035 templi
2238 2961 2496 3035 reposita
2543 2960 2755 3020 vidisse

522 3052 844 3130 coniecit.⁴)

668 3233 710 3298 ¹)
746 3231 892 3291 Bull.
930 3231 958 3287 I
994 3249 1047 3302 p.
1087 3235 1154 3288 37
1193 3231 1230 3292 l.
1269 3233 1463 3289 8—15.

665 3322 709 3390 2)
747 3320 1036 3378 Botticher
1071 3320 1209 3379 tekt.
1246 3322 1303 3377 II
1340 3323 1370 3392 ξ
1406 3324 1495 3392 40,
1533 3325 1583 3378 2.

665 3411 708 3483 ³)
746 3413 807 3467 in
843 3410 1210 3483 Metamorph.
1247 3412 1298 3467 X
1335 3414 1456 3470 691.

664 3503 711 3574 ⁴)
747 3502 895 3557 Bott.
932 3501 1071 3558 tekt.
1110 3500 1167 3556 II
1203 3501 1233 3570 ξ
1271 3503 1361 3571 42,
1398 3502 1431 3555 2
1454 3530 1516 3541 -
1557 3499 1760 3556 Philol.
1797 3498 1982 3555 XVIII
2017 3516 2072 3569 p.
2113 3499 2236 3555 587.
