3226 5078
1384 538 1822 602 ...13—

499 738 654 796 velut
703 734 1087 808 Philippopoli
1148 732 1313 808 (Leb.
1366 733 1462 793 m
1512 735 1697 810 2077)
1746 734 1792 793 J
1791 735 1970 793 ulium
2008 735 2301 795 Malchum
2362 737 2470 796 hoc
2532 737 2717 798 officio

499 812 754 893 functum
781 840 918 892 esse
932 832 1325 905 comperimuS,
1378 831 1477 904 qui
1516 832 1668 891 idem
1696 830 1938 897 σύνδικος
1979 832 2070 892 καὶ
2098 831 2426 911 ἐπιμελητὴς
2452 842 2717 908 vocatur3

496 932 744 1003 itemque
783 929 1209 1003 Aphrodisiade
1248 928 1358 988 hoc
1396 946 1630 988 munere
1654 928 1912 989 functum
1953 947 2076 990 esse
2115 932 2352 1005 legimus
2392 938 2714 992 senatorem

497 1029 663 1105 (Leb.
712 1029 807 1087 III
858 1028 1004 1104 213)
1054 1027 1155 1100 qui
1203 1031 1262 1086 et
1310 1027 1434 1100 ipse
1481 1028 1763 1088 Asiarcha
1811 1029 2139 1103 appellatur
2198 1034 2259 1088 et
2304 1046 2421 1089 una
2470 1047 2597 1089 cum
2650 1036 2718 1091 eo

499 1126 679 1186 civem
737 1126 1019 1199 quendam
1089 1123 1512 1200 ἀξιολογώτατον
1574 1130 1837 1186 vocatum
1897 1126 1996 1203 (de
2045 1143 2157 1199 quo
2213 1144 2271 1200 p.
2327 1127 2445 1204 15).
2546 1128 2721 1187 'Pirae

500 1230 691 1284 autem
733 1225 920 1301 (μουσ.
968 1223 1140 1294 1876,
1186 1223 1318 1295 114,
1368 1221 1426 1297 1)
1487 1223 1701 1297 privati
1748 1223 2039 1282 cuiusdam
2086 1224 2275 1297 ignoti
2324 1229 2570 1284 statuam
2620 1242 2720 1299 po-

498 1324 743 1382 nendam
771 1322 996 1381 curavit
1023 1321 1298 1395 Tryphon
1324 1325 1570 1393 senator,
1617 1321 1714 1394 qui
1753 1322 1878 1394 ipse
1917 1321 2026 1380 hoc
2052 1322 2273 1395 signum
2301 1322 2720 1382 decernendum

501 1424 823 1493 rogaverat,
868 1419 919 1477 si
958 1418 1187 1491 quidem
1233 1422 1392 1477 recte
1434 1417 1734 1478 obscuram
1781 1420 1930 1478 hanc
1978 1419 2403 1492 inscriptionem
2443 1421 2718 1480 intellexi.

501 1517 795 1591 Erythris.
822 1532 960 1576 vero
1019 1516 1285 1589 princeps
1342 1521 1573 1576 senatus
1624 1513 1982 1595 (βούλαρχος)
2023 1517 2247 1575 curavit
2307 1522 2558 1577 statuam
2606 1517 2723 1576 filio

508 1615 703 1675 Flavii
744 1615 1100 1687 Philostrati,
1142 1614 1358 1673 homini
1398 1614 1468 1673 de
1509 1619 1713 1674 senatu
1754 1616 1969 1690 optime
2007 1616 2213 1674 merito
2256 1616 2505 1675 dicatam
2546 1615 2721 1691 (Bull.

506 1713 594 1774 Iv
642 1712 802 1789 154);
875 1729 1059 1785 neque
1119 1713 1214 1773 hic
1261 1713 1429 1772 modo
1490 1712 1593 1773 sed
1662 1714 1838 1771 etiam
1881 1713 2156 1786 Smyrnae
2206 1730 2335 1772 eum
2382 1714 2714 1786 reperimus,

491 1812 599 1870 ubi
688 1809 1110 1887 ἀξιολογώτατος
1180 1827 1487 1884 cognomen
1554 1811 1608 1870 ei
1668 1812 1917 1869 inditum
1998 1822 2087 1870 est
2167 1811 2330 1887 (Leb.
2396 1812 2488 1871 III
2558 1810 2718 1886 655).

498 1911 560 1967 in
620 1910 734 1968 alia
784 1926 1007 1981 quoque
1056 1909 1429 1982 inscriptione
1478 1909 1916 1982 Philadelphiae
1956 1910 2110 1967 urbis
2157 1909 2423 1982 princeps
2479 1913 2727 1978 senatuS,

503 2008 599 2079 qni
665 2008 801 2066 item
874 2006 1179 2065 Claudiani
1246 2006 1338 2063 cui
1414 2004 1667 2064 dicatum
1735 2011 1860 2065 erat
1925 2007 2149 2079 signum
2218 2023 2357 2065 avus
2417 2005 2554 2078 fuit,
2618 2005 2726 2063 hoc

505 2102 754 2162 officium
837 2098 1137 2161 exsecutus
1229 2119 1351 2162 esse
1441 2102 1653 2163 dicitur
1743 2103 1908 2180 (Leb.
1972 2103 2065 2163 ΠΙ
2132 2104 2302 2180 644),
2384 2104 2731 2175 Minoaeque

504 2202 767 2276 princeps
848 2204 1077 2259 senatus
1161 2200 1344 2272 patris
1439 2200 1661 2274 signum
1750 2201 2141 2261 collocandum
2227 2201 2451 2279 curavit
2517 2199 2610 2278 (O.
2681 2201 2729 2260 Ι.

504 2298 578 2358 G.
631 2299 691 2357 II
731 2298 886 2357 2264
956 2296 1059 2373 p.).
1142 2297 1382 2369 denique
1447 2297 1868 2371 Aphrodisiade
1935 2284 2284 2374 principem*
2318 2299 2428 2359 hoc
2494 2314 2728 2356 munere

504 2395 759 2456 functum
808 2412 932 2454 esse
993 2412 1063 2453 ex
1118 2394 1183 2452 G.
1226 2395 1276 2455 Ι.
1329 2395 1398 2455 G.
1442 2395 1504 2454 H
1548 2396 1707 2454 2811
1764 2401 2035 2468 apparet:
2091 2397 2367 2469 pecuniae
2417 2401 2608 2455 autem
2657 2395 2733 2454 ad

504 2495 722 2569 signum
763 2492 1167 2567 perficiendum
1208 2493 1563 2553 necessariae
1602 2509 1717 2553 non
1758 2510 1793 2553 a
1830 2494 2129 2570 republica
2167 2494 2270 2554 sed
2310 2511 2347 2553 a
2387 2498 2591 2555 senatu
2632 2509 2731 2554 so-

505 2593 665 2652 lutae
705 2596 886 2651 erant.

666 2690 859 2748 Mileti
900 2689 1075 2748 etiam
1116 2689 1380 2762 princeps
1418 2690 1701 2763 prytaniae
1736 2689 1943 2748 statuis
1980 2689 2263 2763 erigendis
2303 2690 2459 2748 haud
2484 2689 2571 2748 ita
2596 2705 2730 2748 raro

512 2786 859 2847 consuluisse
918 2786 1151 2845 videtur
1213 2786 1378 2862 (Rev.
1440 2787 1543 2858 28,
1613 2787 1920 2845 110-111
1971 2817 2043 2828 --
2088 2786 2148 2845 G.
2192 2787 2239 2845 Ι.
2285 2786 2354 2845 G.
2396 2780 2458 2845 Π
2522 2787 2733 2863 2878);

509 2885 611 2944 sed
657 2885 718 2942 in
769 2884 969 2942 ultimo
1020 2900 1185 2956 quem
1237 2883 1797 2943 commemoravimus
1837 2882 2009 2942 titulo
2051 2899 2165 2942 una
2204 2900 2332 2942 cum
2373 2899 2441 2942 eo
2482 2885 2735 2957 quinque

509 2983 678 3044 huius
718 2982 1084 3055 magistratus
1123 2980 1264 3039 socii
1303 2981 1386 3054 (11.
1415 2997 1462 3039 0.
1495 2979 1795 3055 prytanes)
1836 2980 2311 3056 enumerantur.¹)
2352 2998 2526 3040 unum
2566 2981 2735 3040 modo

511 3097 580 3140 ex
631 3080 962 3154 prytanium
1023 3094 1256 3137 numero
1316 3095 1499 3151 neque
1559 3095 1688 3136 eum
1748 3079 2065 3151 principem
2113 3079 2411 3153 Hieropoli
2471 3081 2535 3138 in
2593 3081 2738 3139 urbe

513 3179 909 3254 Cappadociae
975 3177 1084 3236 1100
1151 3193 1353 3252 munus
1422 3182 1753 3236 exsecutum
1821 3194 1944 3236 esse
2010 3177 2249 3250 legimus
2331 3176 2509 3252 OEull.
2584 3177 2737 3238 1883
2811 3187 2818 3196 ·

514 3294 570 3349 p.
618 3278 749 3345 129,
797 3276 968 3352 130);
1009 3276 1258 3348 itemque
1296 3292 1470 3333 unum
1511 3292 1584 3334 ex
1626 3275 1689 3337 G.
1730 3275 1779 3335 Ι.
1819 3275 1889 3334 G.
1932 3276 1991 3333 Π
2032 3277 2184 3352 3001
2230 3275 2400 3334 titulo
2441 3274 2736 3334 Antoniae

516 3374 780 3433 Julianae
822 3378 1070 3432 statuam
1095 3373 1312 3447 Ephesi
1339 3373 1659 3446 ponendam
1698 3390 1928 3433 curasse
1955 3373 2329 3446 comperimus
2367 3377 2426 3432 et
2464 3389 2580 3431 una
2607 3389 2735 3431 cum

517 3488 587 3531 en
627 3472 824 3545 populi
863 3470 1128 3531 scribam.
2431 3544 2438 3553 ι

680 3568 753 3627 ad
794 3569 995 3627 scribas
1036 3567 1261 3642 saepius
1301 3571 1526 3628 omnino
1553 3571 1664 3629 1100
1703 3587 1908 3628 munus
1939 3570 2192 3628 delatum
2232 3584 2357 3627 esse
2384 3567 2738 3626 inveniemus

517 3672 576 3726 et
614 3666 691 3725 ad
732 3666 882 3725 solos
924 3670 984 3723 et
1022 3666 1191 3725 sociis
1240 3682 1450 3740 operae
1499 3666 1853 3739 consumptis
1894 3665 1975 3741 (p.
2026 3663 2147 3740 11),
2191 3681 2375 3735 neque
2412 3665 2476 3724 id
2513 3665 2736 3733 mirum,

520 3780 647 3823 cum
687 3764 775 3822 illi
815 3763 928 3837 ipsi
968 3762 1144 3822 etiam
1184 3763 1415 3823 decreto
1456 3763 1518 3821 in
1558 3757 1833 3822 columnis
1874 3762 2172 3821 incidendo
2212 3762 2497 3823 interdum
2537 3779 2737 3822 consu-

519 3862 639 3922 lere
681 3861 953 3921 deberent
993 3859 1085 3937 (ut
1122 3860 1386 3933 Athenis,
1431 3878 1487 3934 p.
1532 3861 1611 3937 7).
1696 3865 1954 3920 attamen
1994 3860 2152 3919 tituli
2192 3860 2380 3919 adhuc
2421 3847 2635 3920 servati
2674 3861 2735 3919 in

666 4100 711 4171 ¹)
749 4102 841 4173 qui
882 4103 1087 4173 quanto
1122 4100 1183 4157 111
1217 4099 1427 4156 honore
1465 4115 1500 4156 a
1533 4098 1764 4157 Milesiis
1801 4099 1915 4156 sint
1948 4099 2141 4168 habiti,
2179 4115 2248 4155 ex
2282 4099 2514 4156 Aristot.
2540 4097 2650 4169 pol.
2676 4096 2739 4166 V,

528 4191 577 4259 4,
611 4191 645 4245 5
681 4189 960 4247 discimus.
