3226 5078
1444 534 1885 595 -44ffl

541 725 714 785 rebus
775 731 1045 784 accurate
1106 727 1432 785 constitutis
1493 743 1610 784 una
1670 742 1799 785 cum
1858 725 2171 784 architecto
2222 723 2470 796 quodam
2531 728 2783 781 statuam

539 822 905 882 reficiendam
945 824 1220 895 locarent,
1266 840 1380 897 qua
1419 824 1478 881 in
1519 840 1583 882 re
1626 824 1800 883 etiam
1841 828 2126 896 quaestor,
2172 822 2271 894 qui
2325 837 2549 893 quoque
2590 836 2782 879 mense

542 920 652 979 hoc
702 936 936 979 munere
985 919 1338 995 fungeretur,
1392 922 1696 980 subvenire
1723 920 1817 980 ‘iis
1865 921 2054 979 iussus
2095 925 2200 992 est,
2253 923 2320 976 ut
2359 922 2618 990 sumptus
2660 917 2781 976 sine

546 1018 718 1077 dubio
760 1018 835 1076 ad
876 1022 1129 1077 statuam
1174 1018 1539 1077 reficiendam
1580 1019 1935 1078 necessarios
1975 1018 2242 1076 solveret.
2325 1016 2567 1075 eundem
2608 1014 2786 1088 igitur

545 1115 665 1175 fere
707 1116 802 1173 1110
839 1130 1058 1172 morem
1101 1115 1391 1175 exstitisse
1430 1115 1692 1174 videmus
1732 1121 1905 1187 atque
1944 1115 2007 1173 in
2051 1113 2381 1173 recentibus
2408 1113 2582 1186 signis
2610 1111 2782 1171 collo-

546 1213 759 1272 candis.
839 1229 974 1271 nam
1021 1213 1117 1271 hic
1167 1229 1390 1285 quoque
1440 1219 1737 1273 curatores
1786 1214 2093 1286 eliguntur,
2146 1213 2246 1284 qui
2293 1211 2503 1270 artifici
2558 1209 2784 1269 cuidam

544 1311 766 1385 signum
795 1310 1197 1382 conducerent,
1242 1311 1457 1383 publici
1498 1311 1720 1369 scilicet
1769 1311 2170 1383 magistratus,
2225 1309 2324 1381 qui
2374 1309 2577 1368 eodem
2615 1307 2783 1366 modo

544 1415 610 1468 ut
676 1413 973 1468 curatores
1039 1408 1127 1466 illi
1198 1412 1277 1480 (p.
1339 1408 1379 1466 4
1393 1441 1464 1450 -
1481 1408 1543 1483 7)
1609 1408 1835 1466 muneri
1910 1405 2227 1480 praefuisse
2293 1406 2583 1478 videntur,
2656 1421 2783 1463 cum

544 1506 823 1580 pecuniae
865 1504 939 1563 ad
979 1505 1412 1564 instaurandam
1439 1510 1692 1564 statuam
1730 1505 2083 1577 pertinentes
2125 1505 2198 1562 ab
2241 1504 2454 1563 aerarii
2492 1501 2784 1575 praefecto

544 1603 618 1663 iis
658 1604 1067 1662 tribuerentur.
1083 1602 1127 1677 ¹)

707 1716 835 1758 cum
877 1699 1057 1772 igitur
1097 1704 1308 1758 natura
1350 1699 1518 1769 ferat,
1559 1704 1628 1757 ut
1668 1699 1873 1758 statuis
1912 1699 2040 1757 loco
2068 1698 2299 1772 publico
2329 1698 2537 1757 erectis
2562 1696 2777 1770 publici

545 1798 936 1856 consuluerint
974 1798 1346 1871 magistratus
1360 1841 1375 1871 ,
1428 1798 1722 1856 interdum
1772 1803 1967 1856 tamen
2005 1797 2263 1869 privatos
2304 1812 2530 1868 quoque
2570 1796 2631 1853 in
2669 1795 2779 1853 hac

544 1911 610 1953 re
651 1895 983 1955 subvenisse
1022 1895 1110 1953 rei
1150 1895 1418 1967 publicae
1458 1894 1856 1968 comperimus.
1928 1894 2041 1952 huc
2081 1892 2234 1951 enim
2273 1891 2612 1951 referendus
2652 1908 2776 1950 esse

547 1992 776 2051 videtur
816 1992 879 2051 C.
923 1993 968 2051 Ι.
1016 1993 1086 2054 G.
1127 1992 1221 2051 m
1260 1994 1418 2051 4556
1481 1993 1685 2050 titulus
1744 1990 2141 2050 Palaestrinae
2201 1990 2264 2048 in
2324 1989 2527 2063 templi
2578 1989 2788 2048 cellula

546 2090 796 2148 rotunda
835 2094 1117 2161 repertus,
1160 2090 1221 2146 in
1266 2105 1378 2161 quo
1420 2089 1782 2147 Theodotum
1826 2089 2114 2160 quendam
2172 2087 2272 2164 τὴν
2323 2085 2513 2167 Τύχην
2556 2086 2649 2146 σὺν
2709 2089 2781 2164 τῇ

549 2186 726 2264 κόγχῃ
767 2187 840 2263 τῇ
882 2184 1093 2262 πατρίδι
1132 2202 1275 2245 auro
1338 2202 1573 2245 ornasse
1632 2187 1888 2259 legimus.
1972 2186 2268 2245 Fortunae
2319 2186 2495 2258 igitur
2536 2189 2789 2244 statuam

547 2283 776 2355 publice
817 2284 877 2340 in
917 2282 1259 2354 hemicyclio
1301 2284 1551 2355 positam
1578 2287 2013 2356 temporumque
2041 2288 2107 2340 ut
2134 2283 2363 2341 videtur
2388 2283 2791 2357 inopportuni-

549 2385 672 2439 tate
713 2380 1064 2439 deminutam
1105 2385 1170 2438 ut
1210 2386 1439 2453 gratum
1480 2382 1674 2453 patria
1713 2380 1937 2439 faceret
1977 2381 2313 2440 Theodotus
2353 2380 2785 2439 instaurandam

551 2477 795 2537 curavit.
869 2478 1189 2552 Thyatirae
1234 2478 1442 2537 deinde
1484 2481 1680 2537 statua
1706 2478 2121 2553 Amphimacho
2163 2478 2237 2537 ab
2276 2480 2473 2537 Arena
2498 2478 2788 2551 quondam

549 2576 690 2636 urbe
732 2581 928 2635 erecta
968 2576 1058 2650 (O.
1102 2578 1151 2635 Ι.
1195 2576 1265 2636 G.
1312 2578 1373 2636 Π
1417 2578 1601 2652 3488)
1646 2583 1708 2636 01
1747 2594 1854 2635 ara
1894 2593 2074 2650 prope
2116 2593 2241 2636 eam
2282 2576 2563 2636 collocata
2588 2581 2781 2635 terrae

550 2679 709 2731 motu
751 2673 1009 2747 graviter
1048 2678 1181 2732 erat
1220 2673 1444 2733 affecta.
1517 2674 1664 2733 haec
1703 2679 1896 2732 autem
1937 2678 2134 2733 statua
2175 2688 2519 2746 quamquam
2559 2672 2787 2746 publice

552 2770 746 2841 posita
787 2776 940 2843 erat,
995 2775 1190 2829 tamen
1239 2770 1459 2830 refecta
1500 2776 1590 2830 est
1631 2789 1668 2830 a
1707 2769 1829 2830 filia
1867 2772 2295 2845 Amphimachi,
2340 2787 2487 2843 quae
2528 2776 2590 2829 et
2628 2786 2788 2829 aram

552 2866 810 2926 restituit
852 2868 1217 2939 statuamque
1257 2867 1537 2926 refectam
1578 2883 1682 2925 suo
1722 2868 1850 2926 loco
1880 2869 2271 2928 collocandam
2301 2869 2549 2928 curavit:
2594 2868 2785 2927 omnia

556 2964 627 3022 de
669 2980 775 3023 sua
813 2963 1074 3036 pecunia.

714 3066 782 3119 ut
822 3061 1003 3134 igitur
1043 3061 1219 3135 signis
1259 3062 1385 3119 loco
1428 3062 1657 3134 publico
1701 3061 1942 3135 profano
1984 3063 2217 3122 statutis
2258 3063 2474 3136 privati
2512 3080 2629 3123 non
2654 3080 2788 3122 raro

556 3159 985 3231 consuluerunt,
1029 3159 1117 3217 ita
1156 3159 1479 3217 simulacris
1517 3159 1647 3217 loco
1688 3160 1897 3232 publico
1940 3176 2095 3219 sacro
2138 3160 2434 3220 collocatis
2474 3160 2789 3234 rempubli-

556 3271 681 3315 cam
743 3257 1062 3330 providisse
1123 3256 1410 3315 interdum
1471 3258 1867 3330 comperimus.
1951 3259 1989 3318 J
1992 3259 2113 3317 ovis
2155 3260 2306 3317 enim
2346 3259 2712 3319 simulacrum
2752 3276 2790 3317 a

555 3352 768 3413 Phidia
830 3354 1196 3428 ‚exsculptum
1246 3372 1316 3414 ex
1358 3355 1874 3415 innumerabilibus
1914 3358 2124 3430 quippe
2164 3357 2427 3429 partibus
2469 3373 2598 3415 cum
2638 3361 2789 3416 esset

557 3451 954 3524 compositum,
1018 3452 1191 3524 paulo
1232 3452 1450 3510 factum
1492 3457 1582 3511 est
1595 3497 1609 3521 ‚
1672 3458 1741 3511 ut
1780 3453 1839 3511 in
1882 3453 2004 3513 dies
2044 3455 2240 3527 plures
2281 3455 2664 3527 solverentur,
2724 3458 2791 3511 ut

555 3548 874 3607 timendum
917 3554 1084 3622 esset,
1129 3566 1203 3609 ne
1241 3550 1407 3609 brevi
1446 3556 1709 3624 tempore
1749 3556 1935 3610 totum
1975 3553 2197 3625 signum
2237 3558 2550 3613 corrueret.
2638 3553 2790 3626 quod

554 3661 628 3702 ne
665 3644 871 3725 fierent
897 3646 1032 3706 Elei
1060 3648 1464 3721 providerunt:
1509 3649 1810 3722 sexaginta
1851 3649 2002 3708 enim
2029 3650 2194 3708 annis
2219 3655 2526 3722 postquam
2551 3649 2790 3709 Phidias

556 3741 701 3800 illud
728 3742 1067 3813 confecerat,
1090 3745 1553 3818 Damophontem
1581 3745 1864 3804 artificem
1892 3746 2325 3805 celeberrimum
2354 3746 2786 3819 arcessiverunt,

557 3839 656 3910 qui
705 3840 909 3898 solutis
958 3840 1075 3900 iam
1132 3841 1323 3901 eboris
1371 3844 1738 3917 compagibus
1790 3842 1867 3903 ad
1906 3860 2156 3917 unguem
2196 3844 2388 3902 omnia
2428 3843 2791 3903 exactissime

703 4069 743 4138 ¹)
781 4067 931 4123 idem
985 4084 1054 4123 ex
1087 4068 1484 4125 Demosthenis
1531 4071 1795 4140 colligere
1850 4070 1983 4126 licet
2041 4072 2383 4127 orationibus
2443 4072 2503 4125 in
2555 4047 2788 4127 Androt.

558 4154 635 4226 (p.
677 4156 802 4226 615)
843 4157 901 4210 et
938 4154 1309 4211 Timocratem
1347 4159 1423 4228 (p.
1464 4158 1591 4227 755)
1631 4158 1862 4230 habitis,
1909 4175 2247 4230 quamquam
2291 4160 2381 4214 hic
2425 4176 2539 4214 non
2577 4158 2645 4214 de
2681 4160 2790 4213 sta-

558 4242 670 4298 tuis
708 4241 808 4297 sed
845 4242 914 4298 de
952 4244 1170 4299 coronis
1206 4244 1371 4300 modo
1409 4245 1724 4302 reficiendis
1763 4247 1961 4316 agitur.
