3226 5078
1471 497 1907 562 ...3ο-

580 700 755 768 capnt
802 693 1135 767 impositum
1187 696 1337 757 erat:
1401 692 1625 751 curavit
1675 696 1866 752 autem
1920 693 2111 752 omnia
2160 693 2281 755 filia
2344 695 2465 754 eius
2478 738 2493 763 ,
2556 692 2802 753 fortasse

578 792 711 863 quia
751 791 874 864 ipse
901 790 1151 863 negotiis
1188 794 1291 848 aut
1316 789 1681 863 aegritudine
1706 790 2013 863 impeditus
2042 797 2169 850 erat
2210 791 2301 869 (G.
2330 793 2379 853 Ι.
2411 791 2480 851 G.
2509 791 2568 849 11
2599 791 2802 863 2714).

578 889 925 949 contrarium
984 893 1176 946 autem
1238 904 1309 946 ex
1370 886 1436 947 C.
1488 888 1535 947 I.
1590 886 1659 946 G.
1712 887 1759 945 I.
1826 889 1941 946 345
2003 888 2176 948 titulo
2239 889 2510 948 discimus
2569 888 2630 945 in
2690 904 2802 960 quo

578 987 869 1046 Theraeos
908 990 1028 1043 tres
1077 985 1229 1044 cives
1270 984 1564 1044 Hadriano
1617 989 1871 1044 statuam
1911 986 2151 1045 Athenis
2201 986 2494 1046 dedicasse
2544 984 2800 1059 legimus,

579 1100 708 1142 cum
768 1082 1095 1142 collocando
1149 1083 1286 1141 hnic
1336 1083 1494 1156 signo
1555 1088 1725 1156 pater
1775 1099 1972 1141 eorum
2031 1085 2379 1157 provideret.
2472 1083 2804 1157 Syntychen

579 1181 781 1240 deinde
822 1180 1109 1261 quandam
1148 1180 1445 1239 Fortunae
1482 1178 1743 1252 posuisse
1770 1180 2137 1239 simulacrum
2177 1180 2424 1255 legimus
2463 1181 2524 1239 111
2552 1180 2620 1240 Ο.
2649 1181 2698 1242 I.
2731 1182 2801 1241 G.

578 1280 638 1338 Π
677 1280 901 1339 2264111
940 1278 1338 1351 inscriptione:
1395 1277 1708 1351 erigendae
1759 1294 1894 1336 vero
1936 1278 1992 1336 ei
2041 1279 2285 1337 maritus
2333 1280 2455 1338 eius
2496 1279 2832 1340 consuluit..

577 1377 824 1436 Aezanis
865 1380 1058 1435 autem
1099 1374 1195 1452 (C.
1220 1375 1268 1434 Ι.
1302 1375 1371 1435 G.
1402 1376 1491 1433 III
1535 1375 1691 1435 3846
1704 1374 1761 1451 c)
1805 1391 1841 1434 a
1879 1376 2079 1435 liberis
2108 1376 2330 1436 duobus
2371 1381 2568 1436 statua
2596 1376 2799 1448 soluta,

580 1491 617 1532 a
656 1479 863 1548 patruo
904 1490 1102 1532 eorum
1141 1473 1333 1546 posita
1376 1477 1481 1534 est.
1518 1482 1519 1485 ’
1563 1473 1711 1532 mira
1752 1473 2166 1545 quodammodo
2206 1473 2273 1534 O.
2314 1475 2362 1535 I.
2403 1474 2476 1535 A.
2518 1475 2608 1533 111
2652 1476 2799 1534 1171

577 1571 877 1645 inscriptio
919 1576 1026 1631 est.
1099 1570 1239 1630 duos
1278 1571 1431 1629 enim
1472 1568 1667 1638 filios¹)
1712 1571 1868 1644 patri
1910 1576 2161 1631 statuam
2190 1572 2411 1632 dicasse
2452 1571 2551 1631 ubi
2590 1572 2803 1631 dictum

581 1674 698 1738 est,
753 1670 862 1727 hoc
901 1667 1166 1742 pergitur
1205 1667 1398 1726 modo:
1442 1665 1602 1732 αὐτὸς
1655 1667 1726 1736 δὲ,
1780 1666 2018 1731 ἐαυτ6ν’)
2063 1668 2373 1748 παρέστησα
2424 1671 2507 1747 τῷ
2550 1668 2666 1747 ἰδίῳ
2712 1692 2807 1729 κο-

585 1768 768 1845 σμητῇ
789 1764 1012 1844 Ῥούφῳ
1052 1762 1372 1842 Ἐλεουσίῳ.
1446 1763 1595 1824 effici
1635 1765 1812 1839 igitur
1852 1781 1923 1823 ex
1950 1766 2061 1827 hoc
2086 1766 2261 1825 titulo
2288 1767 2537 1840 videtur,
2581 1772 2804 1839 patrem

584 1866 770 1939 ipsum
810 1869 1058 1924 statuam
1097 1864 1417 1938 ponendam
1455 1879 1687 1922 curasse
1736 1880 1918 1938 prope
1967 1864 2188 1939 signum
2236 1858 2378 1925 Rufi·
2413 1865 2639 1933 Eleusi,
2706 1864 2808 1937 qui

588 1978 718 2021 cum
758 1963 881 2036 ipse
922 1960 1174 2035 ephebus
1216 1966 1383 2034 esset,
1427 1966 1715 2020 cosmetae
1755 1977 1988 2019 munere
2028 1960 2254 2021 functus
2295 1967 2438 2021 erat.

742 2060 986 2132 denique
1035 2061 1145 2119 hoc
1195 2059 1325 2119 loco
1373 2060 1721 2119 mentionem
1770 2057 2010 2119 facimus
2059 2060 2393 2121 Aristotelis
2454 2061 2803 2134 testamenti,

582 2160 733 2232 quod
774 2177 810 2217 a
848 2159 1108 2232 Diogene
1148 2158 1386 2218 Laertio
1430 2157 1510 2233 <V
1542 2158 1643 2232 15)
1684 2162 1978 2217 servatum
2003 2158 2168 2218 nobis
2209 2164 2316 2219 est.
2385 2164 2445 2218 et
2484 2142 2564 2219 is‘
2578 2159 2805 2231 quidem

581 2274 681 2317 sex
723 2256 894 2330 elegit
933 2256 1160 2328 amicos,
1207 2255 1304 2327 qui
1332 2271 1478 2327 quae
1513 2254 1843 2314 mandasset
1868 2256 1929 2312 in
1955 2260 2303 2315 testamento
2330 2255 2680 2330 perficienda
2706 2273 2805 2316 cu-

581 2359 797 2414 rarent.
881 2369 1119 2425 cumque
1160 2353 1277 2411 alia
1316 2352 1516 2420 multa,
1561 2356 1685 2410 tum
1723 2352 1833 2410 hoc
1874 2368 2097 2425 quoque
2138 2369 2335 2413 curare
2376 2370 2475 2414 eos
2515 2355 2700 2424 iussit,
2741 2360 2808 2412 ut

583 2458 808 2513 statuae
849 2454 1401 2523 consummarentur,
1457 2465 1604 2521 quae
1647 2448 1935 2523 Gryllioni
1975 2449 2183 2527 artifici
2225 2451 2644 2525 exsculpendae
2684 2458 2807 2512 tra-

582 2551 738 2610 ditae
780 2554 985 2622 essent,
1028 2548 1320 2622 perfectae
1372 2553 1564 2607 autem
1616 2547 1732 2606 suis
1781 2548 2214 2622 imponerentur
2263 2549 2421 2609 locis.
2505 2555 2810 2624 praeterea

582 2654 774 2707 autem
800 2647 1103 2706 Nicanoris
1143 2652 1317 2717 atque
1343 2645 1592 2726 Proxeni
1631 2645 1837 2704 statuis
1876 2645 2145 2721 (quarum
2184 2647 2430 2706 alteram
2455 2647 2580 2721 ipse
2616 2649 2808 2708 locare

582 2746 646 2803 in
672 2744 861 2803 animo
889 2743 1210 2818 habuisset)
1251 2743 1567 2814 matrisque
1594 2742 1901 2802 Nicanoris
1928 2743 2089 2817 signo
2127 2744 2389 2817 ponendo
2418 2747 2808 2818 consulerent3

584 2841 903 2901 Arimnesti
942 2855 1077 2898 vero
1119 2843 1369 2897 statuam
1409 2839 1525 2897 iam
1564 2837 1881 2912 perfectam
1922 2856 2023 2898 suo
2065 2841 2191 2899 loco
2219 2846 2512 2915 ponerent,
2557 2843 2809 2916 itemque

582 2939 787 2998 matris
827 2937 1006 3010 ipsius
1047 2936 1264 3010 signum
1307 2940 1409 2994 aut
1448 2936 1700 2995 Nemeae
1740 2941 1843 2995 aut
1881 2937 2203 3009 ubicunque
2242 2939 2554 2999 videretur.
2640 2940 2813 2999 disci-

582 3053 708 3096 mus
745 3036 924 3110 igitur
940 3079 954 3104 ,
1017 3035 1094 3093 ad
1133 3035 1465 3093 testamenti
1515 3038 1812 3093 curatores
1851 3035 1944 3094 vel
1983 3040 2203 3095 statuas
2245 3037 2562 3096 collocandi
2613 3054 2810 3097 curam

586 3135 834 3195 delatam
875 3150 1012 3206 esse,
1066 3132 1220 3205 quod
1262 3132 1399 3204 quin
1448 3132 1675 3205 saepius
1714 3132 1799 3191 ita
1839 3132 2056 3192 factum
2096 3133 2191 3201 sit,
2233 3149 2397 3193 nemo
2441 3134 2747 3196 dubitabit.
2763 3133 2810 3202 ⁸)

1640 3372 1746 3432 III.

743 3492 972 3563 Restat,
1038 3493 1104 3546 ut
1163 3489 1224 3546 in
1284 3489 1460 3564 tertia
1506 3496 1674 3562 parte
1732 3489 1830 3563 qui
1891 3495 2184 3551 curatores
2243 3492 2418 3565 signis
2470 3492 2595 3550 loco
2657 3508 2809 3551 sacro

589 3587 909 3649 statuendis
949 3585 1325 3660 providerint,
1371 3586 1623 3646 breviter
1650 3589 2112 3661 contemplemur.
2184 3606 2311 3648 cum
2348 3593 2540 3648 autem
2581 3588 2697 3646 iam
2739 3589 2809 3648 de

586 3687 826 3760 privatis
864 3700 1152 3760 perpauca
1177 3683 1346 3743 modo
1372 3683 1683 3743 memoriae
1711 3685 1828 3745 sint
1861 3685 2111 3759 prodita,
2155 3685 2226 3745 de
2252 3686 2343 3745 his
2369 3685 2592 3745 minora
2636 3688 2810 3746 etiam

729 3874 772 3943 ¹)
810 3890 923 3930 una
959 3892 1086 3933 cum
1127 3880 1338 3947 nepote.

728 3962 773 4031 ²)
808 3960 983 4016 ἑαυτὸν
1038 3966 1145 4021 hoc
1199 3965 1319 4022 loco
1365 3967 1429 4021 ut
1479 3981 1746 4037 persaepe
1787 3965 2186 4036 posterioribus
2243 3967 2484 4022 maxime
2544 3966 2811 4025 Graeciae

586 4051 929 4122 temporibus
965 4069 1067 4124 pro
1105 4052 1318 4128 ἐμαυτὸν
1366 4057 1695 4125 usurpatum
1733 4070 1855 4110 esse
1890 4071 2051 4111 nemo
2086 4070 2198 4111 non
2233 4055 2404 4111 videt.

588 4228 614 4285 f
727 4140 770 4210 ⁸)
804 4141 998 4287 simili2s
1053 4145 1370 4201 testamenti
1424 4143 1506 4210 (Ο.
1562 4143 1604 4201 I.
1655 4144 1722 4202 G.
1779 4144 1836 4200 II
1873 4144 2035 4213 3192)
2090 4145 2202 4201 iam
2255 4148 2418 4202 antea
2472 4145 2812 4203 mentionem

611 4229 816 4286 ecimus
859 4246 914 4301 p.
985 4234 1036 4290 Ο.
1765 4253 1770 4258 ·
