3226 5078
1430 502 1693 566 -58
1795 491 1873 549 -’

542 695 742 755 tulisse
785 711 912 754 cum
952 712 1056 768 per
1098 712 1159 755 se
1199 710 1312 754 non
1355 697 1587 755 dubium
1646 697 1738 770 sit,
1792 701 1913 755 tum
1962 697 2132 755 titulo
2184 696 2482 755 Calauriae
2533 700 2769 768 reperto

538 794 680 853 satis
740 791 1079 852 affirmatur.
1096 792 1143 868 1)
1224 793 1432 853 mulier
1494 795 1645 853 enim
1707 793 1988 867 quaedam
2049 793 2144 852 cui
2204 794 2504 867 Sopatriae
2567 808 2769 852 nomen

543 896 685 962 erat,
732 890 1005 949 ducentas
1047 890 1351 949 drachmas
1390 891 1662 964 Neptuno
1704 891 1936 964 dicavit,
1988 891 2139 950 unde
2188 891 2379 950 hostia
2421 892 2475 950 ei
2515 891 2772 949 immola-

540 993 703 1048 retur
764 987 823 1045 in
889 1004 995 1046 ara
1053 1003 1235 1062 prope
1297 982 1581 1062 Sophanis
1634 989 1830 1048 mariti
1881 994 2134 1049 statuam
2173 990 2378 1062 posita.
2461 995 2773 1064 propterea

541 1087 786 1158 quinque
849 1085 1031 1158 elegit
1091 1090 1406 1157 curatores,
1469 1087 1566 1159 qui
1622 1093 1683 1145 et
1730 1087 1862 1146 huic
1914 1087 2003 1146 rei
2042 1088 2410 1160 providerent
2452 1091 2511 1146 et
2551 1091 2773 1145 statuas

539 1188 856 1256 purgarent
905 1183 1309 1256 columnasque
1357 1183 1559 1244 eodem
1608 1184 1733 1243 sine
1783 1183 1955 1242 dubio
2006 1184 2136 1242 loco
2176 1184 2396 1256 positas
2435 1200 2604 1254 quam
2645 1183 2771 1256 pul-

545 1283 828 1343 cherrime
867 1283 1094 1342 coronis
1134 1289 1423 1343 ornarent.
1506 1284 1598 1343 vel
1652 1300 1689 1343 a
1736 1284 1978 1356 privatis
2027 1283 2204 1357 igitur
2246 1283 2545 1357 collegium
2585 1282 2773 1340 inter-

540 1382 675 1440 dum
726 1381 1010 1454 quoddam
1061 1380 1222 1455 signo
1272 1382 1637 1456 repurgando
1688 1378 2079 1455 praepositum
2129 1397 2253 1441 esse
2311 1381 2606 1440 miramur.
2699 1378 2771 1441 de

541 1478 714 1538 simili
755 1478 926 1537 titulo
971 1477 1298 1553 (Epictetae
1338 1481 1711 1555 testamento)
1751 1478 1904 1541 infra
1942 1478 2056 1538 erit
2096 1478 2411 1559 dicendum.

703 1576 761 1636 N
762 1593 795 1634 e
823 1582 1014 1636 autem
1055 1578 1185 1649 quis
1213 1595 1283 1636 ex
1310 1577 1386 1635 iis
1425 1594 1572 1650 quae
1612 1577 1802 1636 adhuc
1829 1577 2208 1649 exposuimus,
2251 1576 2507 1648 colligat,
2550 1590 2773 1646 semper

547 1691 584 1731 a
624 1672 868 1732 Graecis
909 1674 1214 1747 unicuique
1253 1674 1418 1748 signo
1459 1690 1680 1733 summa
1721 1690 1850 1732 cum
1891 1673 2195 1746 diligentia
2235 1689 2304 1732 ac
2330 1671 2614 1745 religione
2641 1688 2771 1730 con-

544 1773 758 1830 sultum
801 1789 941 1842 esse,
988 1773 1246 1846 exempla
1285 1773 1566 1845 quaedam
1607 1773 1854 1832 tacenda
1895 1789 2008 1831 non
2034 1771 2423 1844 iudicavimus,
2468 1787 2538 1829 ex
2568 1770 2771 1842 quibus

544 1870 810 1943 neglecta
860 1870 1149 1929 interdum
1189 1869 1357 1929 valde
1397 1870 1566 1942 signa
1605 1886 1731 1930 esse
1773 1864 2166 1942 comperimus,
2251 1869 2513 1927 addimus
2554 1873 2766 1936 autem,

543 1967 735 2027 omnia
773 1967 879 2026 illa
918 1983 1065 2039 quae
1105 1967 1268 2025 nobis
1308 1967 1538 2040 quidem
1577 1971 1719 2025 nota
1758 1971 1892 2026 sunt
1932 1967 2194 2040 exempla
2220 1966 2476 2043 (praeter
2501 1965 2771 2023 minimas

444 2093 451 2101 ·
536 2066 673 2124 illas
719 2064 1018 2134 laesioneS,
1062 2080 1303 2136 quarum
1343 2064 1403 2121 in
1442 2069 1810 2136 quaestorum
1839 2063 2137 2122 Minervae
2177 2064 2388 2122 tabulis
2428 2062 2495 2121 fit
2534 2061 2773 2137 mentio)
2807 2062 2810 2065 ’

541 2162 618 2221 ad
671 2161 997 2221 recentiora
1039 2160 1264 2220 demum
1303 2166 1568 2234 tempora
1618 2161 1908 2234 pertinere
1952 2161 2249 2222 Graeciae.
2332 2161 2381 2219 si
2422 2162 2571 2219 enim
2614 2176 2773 2219 com-

538 2259 811 2332 perimus,
863 2257 937 2317 ab
977 2257 1432 2317 Atheniensibus
1482 2260 1648 2332 signa
1698 2258 1890 2317 omnia
1940 2275 2088 2331 quae
2137 2275 2265 2318 cum
2305 2259 2442 2319 urbs
2494 2275 2530 2317 a
2578 2257 2774 2317 Persis

538 2357 769 2415 incensa
819 2361 970 2414 esset
983 2398 997 2427 ,
1060 2356 1274 2414 violata
1343 2361 1510 2415 erant
1577 2356 1797 2415 intacta
1869 2356 2076 2415 relicta
2125 2373 2275 2429 esse,
2349 2361 2417 2415 ut
2486 2357 2546 2414 in
2609 2370 2773 2414 omne

547 2470 753 2514 aevum
813 2457 993 2512 testes
1053 2458 1244 2512 essent
1283 2454 1515 2513 sceleris
1565 2452 1969 2526 barbarorum,
2033 2454 2142 2513 hoc
2182 2471 2296 2531 non
2337 2471 2369 2513 e
2409 2453 2776 2528 neglegentia

544 2553 647 2613 sed
689 2553 760 2612 de
799 2552 1088 2612 industria
1127 2551 1342 2642 factum
1384 2570 1508 2613 esse
1548 2559 1811 2629 apparet.
1892 2555 2146 2627 itemque
2189 2554 2260 2614 de
2286 2554 2561 2614 Herculis
2602 2554 2774 2612 simu-

544 2653 703 2711 lacro
755 2651 858 2710 illo
913 2666 1091 2710 aeneo
1141 2651 1504 2710 indicandum
1556 2656 1670 2721 est,
1714 2652 1874 2711 cuius
1916 2657 1975 2710 et
2014 2651 2177 2710 labra
2217 2657 2278 2709 et
2316 2656 2568 2710 mentum
2607 2668 2771 2711 oscu-

545 2749 717 2807 lando
759 2750 1011 2809 contrita
1050 2765 1290 2823 prorsus
1332 2756 1497 2810 erant
1506 2751 1553 2827 ²)
1599 2756 1661 2809 et
1702 2751 1773 2810 de
1812 2749 2060 2811 Veneris
2099 2751 2258 2824 signo
2300 2768 2336 2811 a
2375 2751 2636 2811 Daedalo
2679 2768 2776 2810 ex·

546 2846 801 2918 sculpto,
866 2848 1026 2904 cuius
1088 2847 1330 2906 dextera
1389 2853 1647 2921 tempore
1689 2836 2006 2908 deminuta'
2027 2853 2153 2908 erat
2164 2848 2211 2925 ³)
2251 2865 2357 2909 nec
2395 2865 2510 2908 non
2552 2849 2623 2908 de
2661 2848 2773 2907 Mi-

546 2958 757 3001 nervae
808 2929 1109 3002 simulacro
1161 2960 1198 3002 a
1238 2946 1426 3004 corvis
1466 2946 1683 3004 violato
1696 2941 1773 3020 ⁴);
1837 2951 2057 3005 rectam
2097 2951 2291 3005 antem
2330 2947 2478 3006 hanc
2518 2950 2774 3005 nostram

548 3057 672 3099 esse
732 3041 1071 3100 sententiam
1133 3042 1393 3115 exemplo
1465 3058 1691 3116 quoque
1750 3042 1853 3100 illo
1915 3042 2291 3116 Leucippidis
2354 3045 2771 3117 comprobatur,

545 3137 707 3197 cuius
767 3138 884 3197 iam
944 3143 1117 3198 antea
1176 3139 1658 3199 commemorandi
1718 3144 1975 3215 potestas
2025 3146 2153 3200 erat
2210 3138 2452 3217 facta⁵):
2495 3141 2771 3214 religione

548 3235 725 3309 igitur
779 3235 1027 3308 quadam
1062 3235 1331 3310 impediri
1369 3237 1481 3296 sibi
1515 3238 1857 3297 videbantur
1896 3238 2121 3311 Graeci,
2164 3254 2237 3297 ne
2277 3239 2645 3299 sanctissimis
2683 3239 2775 3298 his

552 3334 873 3396 simulacris
913 3350 1085 3395 novas
1124 3341 1320 3408 partes
1360 3336 1754 3409 adjungerent.

706 3438 770 3492 at
819 3437 1023 3491 contra
1062 3432 1361 3506 Ambryssi
1411 3433 1472 3491 in
1511 3431 1639 3493 foro
1679 3450 2000 3494 marmorea
2040 3435 2328 3509 permulta
2377 3437 2538 3509 signa
2586 3434 2774 3495 fracta

541 3531 746 3591 iecisse
787 3546 972 3604 neque
1012 3546 1350 3605 quemquam
1390 3531 1675 3591 rationem
1717 3549 1914 3591 eorum
1949 3533 2217 3593 habuisse
2243 3533 2617 3608 Pausaniasss)
2648 3542 2769 3592 tra·

691 3786 731 3858 ¹)
769 3786 1035 3855 Rangabe
1072 3790 1184 3844 ant.
1222 3788 1353 3844 hell.
1391 3791 1491 3844 821
1534 3790 1585 3845 b.

687 3876 730 3943 ²)
772 3873 882 3930 Cic.
921 3876 981 3929 in
1016 3874 1172 3932 Verr.
1209 3875 1267 3931 II
1302 3880 1354 3947 4,
1391 3878 1476 3932 43.

688 3963 732 4035 ³)
770 3963 932 4019 Paus,
970 3963 1047 4019 IX
1083 3968 1171 4034 40,
1209 3967 1259 4021 3.

689 4051 733 4121 ⁴)
772 4052 902 4112 ibid.
941 4053 991 4108 X
1032 4054 1114 4124 15,
1149 4057 1218 4109 4?
1572 4111 1577 4115 ,

687 4141 729 4210 5)
768 4140 931 4198 Paus,
971 4140 1054 4196 III
1096 4145 1177 4212 16,
1219 4145 1271 4211 13
1312 4142 1407 4200 cfr.
1446 4161 1500 4215 p.
1538 4145 1626 4199 45.

686 4227 730 4297 θ)
769 4227 931 4284 Pane.
968 4229 1018 4284 X
1055 4231 1141 4300 36,
1177 4233 1228 4285 4.
