3226 5078
1426 517 1865 579 ...54-

537 712 612 772 ad
670 716 869 771 tantae
929 712 1080 771 enim
1137 710 1304 771 molis
1365 711 1532 784 signa
1578 709 1882 783 purganda
1930 726 2135 783 magno
2186 707 2473 767 hominum
2522 723 2756 764 numero

537 804 679 882 opus
706 812 857 868 erat:
900 809 1265 884 phaedyntae
1291 808 1468 883 igitur
1505 808 1616 881 ipsi
1654 806 1976 881 providisse
2003 805 2171 865 modo
2198 805 2478 877 videntur,
2523 809 2590 863 ut
2616 820 2760 863 non·
2806 879 2810 883 ,

537 923 826 979 nunquam
867 906 1064 967 sordes
1104 923 1142 965 a
1181 905 1500 966 simulacris
1538 911 1949 966 removeretur.
1964 903 2012 980 ι)
2067 908 2229 963 certa
2255 903 2329 962 ad
2363 903 2473 961 hoc
2499 907 2762 975 tempora

536 1021 671 1062 num
712 1004 1028 1063 constituta
1068 1005 1200 1077 sint,
1241 1003 1593 1076 ignoramus3
1636 1003 1969 1075 plerumque
2009 1005 2200 1060 autem
2240 999 2555 1074 praeclaris
2592 999 2760 1058 modo

536 1102 961 1163 imminentibus
1001 1102 1201 1160 diebus
1238 1099 1400 1159 festis
1426 1100 1572 1159 haec
1609 1100 1774 1172 signa
1813 1098 2121 1158 emundata
2159 1113 2282 1157 esse
2322 1096 2616 1168 probabile
2644 1100 2758 1169 est3

538 1214 718 1271 neque
757 1199 894 1257 licet
945 1197 1229 1270 dubitare,
1271 1196 1412 1269 quin
1450 1206 1521 1256 'ea
1560 1196 1634 1254 de
1672 1212 1736 1254 re
1774 1195 1914 1254 item
1954 1199 2021 1253 ut
2060 1195 2218 1268 apud
2243 1195 2530 1253 Romanos
2569 1192 2762 1253 certae

537 1297 698 1370 leges
749 1296 1095 1356 exstiterint.
1110 1295 1160 1371 2)
1239 1295 1348 1354 hoc
1409 1294 1562 1353 enim
1621 1295 1914 1367 negotium
1975 1309 2146 1366 quam
2205 1307 2387 1366 grave
2436 1308 2474 1350 a
2522 1290 2764 1351 Graecis

537 1392 855 1453 iudicatum
902 1394 995 1461 sit,
1039 1393 1172 1452 inde
1214 1393 1429 1460 elucet,
1473 1391 1648 1465 quod,
1674 1392 1772 1464 qui
1811 1389 2172 1464 Olympicum
2212 1388 2444 1465 quidem
2486 1389 2765 1448 curabant

539 1491 905 1551 simulacrum
942 1490 1306 1564 phaedyntae
1332 1505 1557 1562 semper
1583 1489 1916 1562 priusquam
1954 1489 2064 1548 hoc
2088 1488 2427 1562 inciperent,
2469 1487 2765 1546 Minervae

538 1585 804 1658 Erganae
855 1601 1020 1646 sacra
1058 1585 1363 1645 faciebant.
1377 1585 1426 1660 ³)

700 1682 810 1742 hoc
878 1683 1086 1742 deinde
1145 1683 1274 1742 loco
1324 1682 1824 1741 commemoranda
1864 1689 2023 1755 sunt,
2066 1697 2214 1755 quae
2253 1683 2327 1742 de
2367 1682 2767 1755 quaestoribus

539 1779 974 1840 Atheniensium
1016 1787 1307 1854 comperta
1344 1780 1638 1840 habemus.
1702 1780 1949 1841 Athenis
1990 1780 2141 1840 enim
2152 1780 2201 1856 ⁴)
2244 1780 2435 1840 decem
2462 1777 2765 1853 quotannis

542 1877 726 1955 ταμίαι
772 1882 883 1938 τῶν
948 1879 1107 1957 ἱερῶν
1156 1878 1458 1958 χρημάτων
1507 1882 1604 1956 τῆς
1646 1876 1891 1956 Ἀθηνᾶς
1939 1896 2045 1952 per
2084 1883 2268 1938 sortes
2303 1878 2535 1955 publice
2575 1875 2768 1936 dilecti

544 1982 692 2046 sunt,
732 1994 881 2036 unus
921 1993 993 2037 ex
1030 1992 1371 2050 unaquaque
1411 1977 1586 2044 tribu,
1630 1992 1772 2049 quos
1812 1993 1949 2049 opes
1990 1993 2202 2047 omnes,
2243 1977 2553 2049 praecipue
2580 1978 2769 2034 autem

541 2075 838 2135 Minervae
877 2074 1243 2134 simulacrum
1282 2074 1557 2147 signaque
1604 2074 1898 2133 Victoriae
1939 2090 2144 2133 curare
2185 2073 2502 2146 oportebat.
2575 2071 2768 2131 omnia

543 2178 737 2231 autem
815 2174 956 2232 haec
1023 2178 1324 2246 praesente
1393 2176 1593 2232 senatu
1664 2177 1724 2232 et
1789 2182 2135 2246 acceperunt
2201 2177 2262 2232 et
2327 2171 2688 2231 tradiderunt
2697 2167 2769 2244 ⁵),

545 2285 804 2342 annoque
874 2275 1109 2342 peracto
1180 2274 1450 2328 accurate
1517 2285 1888 2342 quaecunque
1958 2271 2259 2330 commissa
2327 2270 2400 2329 iis
2471 2272 2638 2330 erant
2710 2271 2775 2325 et

545 2383 691 2440 quae
730 2384 837 2441 per
879 2383 1072 2428 casum
1111 2372 1215 2426 aut
1252 2366 1369 2426 iam
1410 2372 1588 2426 antea
1637 2371 1740 2425 aut
1779 2383 1906 2425 cum
1945 2367 2060 2439 ipsi
2111 2383 2344 2426 munere
2382 2365 2769 2439 fungerentur,

542 2466 760 2525 violata
800 2470 982 2535 erant,
1024 2462 1348 2525 describere
1393 2464 1739 2537 debebantss)
1821 2465 1928 2523 hos
1977 2465 2157 2538 igitur
2212 2464 2389 2538 signis
2438 2479 2664 2537 quoque
2710 2462 2772 2520 in

545 2566 762 2639 templo
803 2564 1005 2639 positis
1045 2563 1395 2624 consuluisse
1421 2562 1828 2623 conservandis
1855 2563 1991 2622 inde
2018 2562 2294 2632 efficitur3
2337 2562 2599 2623 Gilberto
2634 2577 2770 2620 vero

547 2664 638 2721 vel
679 2668 862 2722 totam
901 2678 1092 2721 arcem
1119 2677 1377 2736 quaeque
1402 2662 1632 2720 inerant
1671 2661 1926 2721 curanda
1963 2662 2037 2721 iis
2073 2662 2291 2721 tradita
2325 2677 2451 2723 esse
2477 2658 2775 2734 probabile

548 2758 854 2835 videtlu·.⁷)
934 2775 1064 2817 cum
1102 2764 1294 2818 autem
1334 2774 1485 2817 anno
1526 2776 1578 2816 a.
1612 2758 1748 2819 Chr.
1776 2760 1893 2818 435
1936 2764 2257 2818 ceterorum
2292 2774 2516 2831 quoque
2543 2757 2778 2817 deorum

550 2874 692 2931 opes
731 2858 793 2915 in
839 2855 1227 2915 Parthenonis
1277 2855 1677 2927 opisthodomo
1725 2861 2162 2929 reponerentur,
2215 2857 2348 2915 novi
2408 2856 2777 2929 magistratus

551 2953 751 3013 eodem
788 2951 958 3011 modo
999 2951 1314 3024 iisdemque
1355 2952 1781 3012 condicionibus
1822 2953 2021 3012 dilecti
2060 2958 2210 3026 sunt,
2262 2953 2360 3026 qui
2399 2954 2542 3013 item
2582 2952 2778 3012 decem

547 3050 722 3116 fuisse
762 3050 1031 3110 videntur
1071 3058 1131 3109 et
1169 3048 1354 3126 ταμίαι
1381 3052 1492 3108 τῶν
1521 3047 1703 3109 ἄλλων
1730 3049 1878 3109 θεῶν
1906 3052 2280 3110 vocabantur.
2330 3052 2545 3111 saeculi
2572 3050 2777 3110 deinde

550 3148 743 3222 quarti
802 3148 971 3207 initio
1034 3148 1334 3209 Minervae
1386 3152 1825 3221 ceterorumque
1874 3148 2111 3209 deorum
2160 3165 2299 3223 opes
2339 3149 2680 3208 coniunctae
2718 3152 2780 3206 et

551 3247 650 3305 uni
692 3246 934 3322 collegio
988 3246 1184 3306 decem
1233 3252 1602 3320 quaestorum
1653 3247 1884 3307 deditae
1932 3253 2066 3308 sunt
2116 3248 2434 3307 curandae:
2497 3246 2599 3307 sed
2660 3246 2778 3306 iam

696 3430 738 3504 ¹)
777 3431 1007 3501 accedit,
1055 3430 1205 3502 quod
1249 3432 1315 3486 ut
1349 3447 1522 3502 supra
1566 3431 1804 3488 vidimus
1852 3433 1928 3502 (p.
1966 3432 2085 3503 52),
2132 3431 2464 3488 nobilissimi
2497 3429 2779 3486 interdum

550 3522 696 3577 cives
733 3520 838 3576 hoc
875 3518 1056 3577 officio
1094 3517 1270 3575 functi
1308 3521 1455 3575 sunt.
2443 3521 2449 3527 '

690 3610 734 3676 2)
774 3607 950 3664 Orelli
991 3610 1148 3664 2270.

694 3697 736 3767 ³)
775 3696 940 3753 Paus.
979 3696 1027 3751 V
1071 3700 1154 3768 14,
1193 3698 1242 3753 5.

694 3786 737 3855 ⁴)
777 3784 907 3840 inde
950 3786 1018 3840 ab
1056 3801 1201 3841 anno
1237 3787 1346 3841 480
1383 3787 1446 3841 ut
1479 3785 1714 3842 videtur.

696 3874 739 3942 ⁵)
777 3874 994 3944 Bockh,
1049 3874 1279 3930 staatsh.
1327 3873 1354 3929 I
1398 3891 1453 3945 p.
1493 3876 1598 3930 220
1635 3903 1702 3915 -
1741 3874 1868 3931 beil.
1915 3873 2000 3929 ΠΙ
2039 3878 2069 3930 7
2109 3905 2176 3915 -
2213 3876 2501 3932 Botticher
2546 3874 2684 3932 tekt.
2722 3873 2779 3929 H

552 3980 606 4035 Ρ.
647 3966 747 4019 611
790 3992 854 4003 --
895 3961 954 4018 G.
995 3961 1222 4018 Curtius
1258 3978 1408 4033 prgr.
1441 3961 1674 4035 Liibeck
1716 3964 1851 4017 1877
1888 3978 1942 4032 Ρ.
1987 3965 2069 4017 14.

696 4052 740 4122 ⁰)
778 4069 890 4108 non
926 4068 1054 4107 raro
1092 4068 1158 4108 ea
1192 4051 1358 4108 modo
1396 4068 1539 4123 quae
1575 4052 1786 4106 violata
1822 4053 1984 4106 erant
2018 4050 2138 4106 sola
2163 4051 2478 4106 enumerari
2501 4050 2778 4117 solebant3

554 4140 783 4213 Kohler‚
819 4141 930 4196 ath.
967 4156 1040 4197 m.
1081 4143 1216 4196 1882
1254 4158 1307 4211 p.
1346 4142 1466 4197 369.

700 4231 744 4303 ⁷)
784 4230 985 4286 handb.
1024 4229 1124 4285 der
1159 4229 1517 4287 staatsaltert.
1555 4246 1609 4300 Ρ.
1649 4230 1767 4286 235.
