3226 5078
1300 559 1377 571 „-
1477 526 1563 610 47·
1658 561 1740 569 --

1477 717 1555 777 ΙΙ.

401 850 727 934 statuae
783 870 834 933 a
885 851 1386 953 tempestatis
1444 851 1742 933 iniuriis
1798 852 2167 954 quomodo
2226 845 2642 938 defensae'

1433 976 1617 1056 sint.

555 1152 767 1212 Adhuc
828 1153 900 1211 de
950 1151 1125 1226 signis
1173 1152 1342 1209 modo
1384 1151 1633 1210 diximus
1676 1156 1775 1209 aut
1816 1151 1890 1209 ab
1930 1152 2256 1212 hominibus
2295 1155 2633 1227 quibusdam

394 1255 496 1310 aut
536 1251 607 1309 ab
650 1249 992 1308 animalibus
1032 1247 1234 1308 fractis
1274 1249 1368 1307 vel
1409 1247 1769 1320 despoliatis:
1813 1249 2092 1308 fortuitae
2135 1255 2327 1309 autem
2354 1253 2629 1324 quodam-

393 1348 561 1431 modo
624 1355 789 1408 erant
846 1348 958 1406 hae
1016 1346 1298 1406 laesiones
1334 1351 1421 1403 *et
1480 1362 1616 1404 raro
1679 1347 1847 1405 modo
1908 1348 2076 1420 signa
2125 1348 2211 1406 ita
2250 1350 2466 1408 violata
2506 1367 2629 1409 esse

393 1448 653 1517 apparet.
718 1459 949 1517 semper
987 1460 1125 1502 vero
1164 1443 1590 1515 unumquidque
1632 1445 1851 1517 signum
1895 1445 2044 1504 aeris
2083 1445 2376 1517 iniquitati
2404 1452 2463 1505 et
2483 1465 2629 1520 quae

393 1541 496 1600 sub
538 1542 671 1600 divo
712 1543 904 1615 posita
931 1546 1097 1600 erant
1128 1543 1215 1600 vel
1241 1541 1605 1613 tempestatis
1633 1536 2119 1613 inopportunitati
2146 1548 2314 1602 erant
2343 1546 2625 1617 exposita.

392 1639 443 1698 si
483 1640 658 1713 igitur
696 1640 814 1699 iam
855 1640 1022 1712 signa
1060 1640 1121 1696 in
1162 1639 1329 1697 domo
1359 1638 1644 1697 collocata
1671 1639 1839 1698 sorde
1867 1655 2269 1712 nonnunquam
2296 1645 2467 1714 atque
2493 1643 2628 1714 pul-

391 1752 528 1795 vere
588 1737 891 1810 purganda
940 1742 1132 1809 erant,
1196 1737 1378 1794 multo
1429 1737 1617 1810 magis
1656 1734 1767 1795 hac
1808 1753 1948 1795 cura
1990 1753 2132 1810 opus
2175 1744 2304 1796 erat
2345 1739 2407 1796 in
2448 1739 2626 1812 signis

393 1835 496 1892 sub
548 1834 680 1893 divo
722 1834 971 1893 statutis,
1036 1839 1096 1893 et
1136 1834 1539 1892 vetustissimis
1581 1834 1810 1906 quidem
1852 1834 2207 1905 temporibus
2247 1836 2409 1908 signa
2436 1838 2639 1895 omnia-

391 1932 495 1990 sub
558 1932 690 1989 divo
751 1936 970 1990 statuta
1020 1935 1209 1998 erant3
1271 1930 1607 2003 accedebat,
1675 1931 1827 2002 quod
1867 1931 2174 1989 simulacra
2212 1932 2316 1990 illa
2356 1948 2426 1990 ex
2466 1933 2621 2006 ligno

389 2029 692 2086 elaborata
750 2029 1090 2100 gravissime
1150 2033 1492 2101 tempestate
1533 2027 1970 2087 affectabantur.
2055 2029 2147 2087 cui
2186 2029 2274 2087 rei
2313 2035 2378 2086 ut
2419 2029 2623 2087 subve-

389 2125 584 2183 nirent
613 2125 821 2184 Graeci
847 2126 1137 2185 aediculas
1164 2126 1339 2199 signis
1368 2125 1846 2198 circumposuisse
1872 2125 2157 2199 videntur,
2201 2141 2410 2198 parvas
2435 2127 2620 2199 initi0‚

387 2227 455 2280 ut
494 2224 638 2281 nihil
676 2225 786 2282 nisi
823 2225 1044 2297 signum
1084 2224 1157 2282 iis
1197 2228 1506 2296 tegeretur,
1552 2223 1757 2282 deinde
1798 2223 2178 2296 elegantiores
2193 2222 2269 2297 1);
2339 2230 2397 2281 et
2424 2226 2622 2296 paula-

386 2321 491 2377 tim
554 2321 779 2380 demum
837 2321 1432 2395 magnificentissimas
1492 2320 1625 2379 inde
1686 2320 1858 2379 aedes
1910 2327 2068 2383 ortas
2119 2336 2242 2379 esse
2282 2318 2448 2379 nobis
2488 2338 2623 2395 per-

388 2434 618 2476 suasum
671 2425 776 2479 est.
789 2419 838 2493 ²)
920 2424 1177 2477 attamen
1218 2419 1400 2476 solam
1439 2418 1589 2476 hanc
1631 2417 1930 2475 aediculae
1971 2417 2352 2476 exstruendae
2394 2435 2624 2476 eausam

386 2513 563 2575 fuisse
601 2515 759 2576 haud
799 2515 1209 2588 contenderim;
1272 2531 1399 2574 cum
1437 2514 1782 2573 Bottichero
1823 2515 1972 2572 enim
2015 2515 2141 2573 viro
2186 2514 2516 2575 doctissimo
2559 2515 2621 2574 id

386 2630 609 2686 quoque
649 2631 735 2674 ea.
759 2631 824 2674 re
865 2620 1158 2688 spectasse
1201 2614 1452 2672 Graecos
1492 2613 1702 2694 iudico,
1746 2617 1815 2670 ut
1856 2618 2130 2683 quantum
2171 2614 2417 2671 maxime
2444 2629 2516 2671 ne
2545 2613 2619 2671 ab

387 2711 614 2770 homine
672 2710 892 2770 nefario
953 2710 1359 2784 profanaretur
1397 2726 1543 2769 neve
1583 2710 1971 2768 macularetur
2010 2709 2379 2768 simulacrum
2418 2711 2621 2782 prohi-

384 2809 604 2868 berent.
619 2808 665 2884 3)
748 2809 850 2868 sed
909 2815 1112 2882 postea
1173 2809 1350 2867 etiam
1410 2808 1550 2879 quin
1600 2809 1663 2864 in
1715 2808 1867 2880 agris
1909 2806 2139 2879 quidem
2181 2807 2514 2880 plerumque
2554 2808 2614 2865 in

384 2905 577 2979 parvis
620 2906 845 2965 cellulis
885 2907 1076 2980 posita
1114 2906 1233 2964 sint
1273 2906 1509 2965 deorum
1551 2905 1879 2977 simulacra,
1925 2910 1985 2963 et
2019 2922 2124 2978 per
2151 2921 2213 2964 se
2241 2921 2355 2963 non
2383 2904 2616 2964 dubium

387 3008 477 3061 est
532 3003 1003 3075 vasculorumque
1062 3001 1404 3062 recentioris
1454 3003 1587 3061 aevi
1635 3002 1880 3074 picturis
1919 3002 2373 3061 luculentissime
2415 3002 2617 3061 confir·

384 3104 593 3160 matur.
605 3103 649 3172 ⁴)
715 3117 843 3159 cum
883 3101 1061 3174 igitur
1100 3100 1162 3159 in
1202 3116 1346 3172 agro
1373 3100 1686 3172 praecipue
1712 3100 1818 3159 has
1847 3099 2142 3158 aediculas
2171 3099 2457 3158 exstitisse
2486 3115 2618 3157 con·

383 3203 719 3257 sentaneum
779 3198 882 3270 sit,
945 3202 1140 3256 tamen
1197 3198 1260 3256 in
1320 3197 1464 3256 urbe
1513 3197 1688 3256 etiam
1729 3197 1897 3270 signa
1936 3196 2047 3255 hoc
2089 3196 2259 3255 modo
2300 3201 2458 3255 tecta
2499 3212 2621 3255 esse

384 3295 764 3368 comperimus
775 3294 822 3372 ⁵)
837 3316 869 3361 ς,
904 3299 964 3353 et
1002 3296 1096 3353 vel
1136 3295 1200 3353 in
1239 3294 1471 3368 templis
1514 3294 1639 3353 eius
1681 3293 1776 3352 cui
1819 3293 2075 3352 dicatum
2118 3298 2245 3351 erat
2283 3292 2479 3352 fanum
2511 3293 2615 3374 xdei
2679 3367 2688 3373 ,

382 3393 611 3465 signum
660 3409 884 3466 semper
923 3391 1185 3451 aedicula
1225 3392 1474 3451 cinctum
1516 3406 1640 3450 esse
1681 3390 1939 3463 videtur,
2005 3390 2358 3463 eundemque
2398 3404 2617 3448 morem

379 3490 443 3547 in
503 3489 740 3548 deorum
800 3490 1123 3549 simulacris
1182 3505 1330 3561 quae
1379 3490 1440 3547 in
1479 3489 1839 3560 privatorum
1880 3487 2150 3546 sacrariis
2192 3491 2412 3545 statuta
2452 3492 2618 3546 erant

380 3585 703 3645 adhibitum
744 3601 870 3646 esse
910 3586 1181 3660 gravibus
1220 3586 1438 3644 utimur
1478 3585 1826 3645 testimoniis
1838 3582 1917 3660 ⁶);
1961 3585 2065 3643 sed
2103 3585 2198 3643 hic
2237 3584 2466 3655 quidem
2505 3600 2621 3641 non

530 3797 572 3868 ¹)
608 3793 718 3853 vid.
755 3797 904 3854 Bott.
941 3796 1270 3868 baumlrult„
1306 3796 1433 3866 figg.
1471 3798 1540 3852 33
1580 3825 1648 3840 -ο-
1687 3798 1756 3851 36
1778 3811 1811 3849 a
1852 3825 1913 3835 -
1955 3795 2040 3851 58.

526 3886 570 3956 ²)
608 3886 757 3942 idem
792 3886 963 3941 sentit
997 3885 1146 3944 Bott.
1184 3884 1493 3962 baumkult.
1529 3900 1584 3955 p.
1627 3886 1744 3941 152.

528 3973 571 4045 ³)
609 3974 758 4031 Bott.
795 3975 932 4031 tekt.
971 3975 1002 4044 ξ
1041 3976 1131 4044 40,
1168 3975 1219 4029 3.

524 4062 569 4133 ⁴)
608 4063 757 4120 Bott.
793 4063 1101 4120 baumkult.
1139 4062 1265 4132 figg.
1303 4064 1371 4118 36
1393 4078 1427 4116 a
1466 4092 1529 4100 -
1570 4062 1663 4129 583
1701 4060 1833 4117 ibid.
1869 4074 1923 4129 p.
1963 4060 2085 4117 532.

527 4149 572 4222 5)
610 4150 816 4207 Bullet.
851 4151 899 4206 V
935 4167 990 4222 p.
1028 4153 1113 4207 39.

525 4238 569 4308 ⁰)
607 4238 757 4294 Bett.
790 4239 1001 4295 tekton.
1040 4241 1071 4310 ξ
1109 4242 1197 4311 59,
1235 4241 1390 4295 2-3.
