3226 5078
413 1250 713 1337 statuis
789 1253 1161 1358 perfectis
1229 1256 1550 1357 locoque
1615 1257 2036 1341 constituto
2113 1261 2388 1363 positis
2463 1232 2645 1363 quo-

946 1378 1164 1462 modo
1222 1379 1756 1462 consuluerint
1811 1381 2107 1465 Graeci.

569 1696 740 1756 Hanc
800 1714 1023 1770 quoque
1087 1699 1480 1771 quaestionem
1542 1700 1604 1757 in
1653 1704 1773 1758 tres
1813 1700 2070 1759 dividere
2110 1707 2308 1776 partes
2347 1703 2407 1760 in
2447 1703 2640 1761 animo
2751 1768 2756 1774 ,

407 1794 695 1854 habemus.
766 1796 828 1853 in
867 1796 1057 1869 prima
1097 1796 1250 1855 enim
1291 1811 1579 1868 exponere
1619 1796 1829 1868 placet,
1874 1798 2085 1856 statuis
2125 1803 2228 1856 aut
2256 1799 2327 1858 de
2353 1799 2644 1858 industria.

406 1899 509 1949 aut
542 1908 649 1964 per
688 1908 884 1951 casum
922 1893 1099 1952 laesis
1140 1893 1239 1966 qui
1279 1893 1600 1952 consultum
1642 1893 1745 1963 sit;
1790 1893 1851 1951 in
1883 1895 2085 1964 altera,
2129 1895 2228 1966 qui
2269 1900 2472 1954 contra
2498 1902 2644 1954 tem·

404 1990 647 2061 pestatis
684 1991 1234 2063 inopportunitatem
1274 1994 1495 2049 statuas
1536 2006 1877 2049 conservare
1918 1989 2112 2049 conati
2149 1991 2266 2051 sint
2302 1993 2538 2064 Graeci3
2582 1995 2645 2051 in

408 2087 587 2144 tertia
625 2087 876 2159 denique
915 2104 1028 2160 quo
1069 2088 1240 2147 modo
1281 2094 1342 2148 et
1382 2104 1493 2161 quo
1534 2093 1796 2161 tempore
1837 2089 2005 2161 signa
2045 2095 2251 2148 ornata
2277 2090 2409 2148 sint.
2464 2092 2642 2148 trium

408 2183 615 2242 deinde
678 2185 932 2243 omnium
992 2187 1244 2258 partium
1301 2187 1365 2244 in
1424 2186 1676 2258 minores
1737 2186 2054 2259 particulas
2104 2190 2227 2244 tres
2267 2202 2646 2259 unaquaeque

408 2282 523 2339 erit
562 2280 888 2354 dividenda,
929 2287 998 2341 ut
1034 2282 1098 2340 in
1138 2283 1255 2342 alia
1296 2283 1638 2355 explicetur,
1681 2284 1781 2356 qui
1822 2285 2033 2343 statuis
2072 2268 2364 2356 provisum
2391 2284 2469 2342 sit
2495 2301 2649 2357 quae

404 2378 547 2438 locis
588 2378 834 2451 publicis
873 2379 1149 2453 profanis,
1192 2381 1253 2437 in
1294 2380 1411 2438 alia
1452 2396 1600 2452 quae
1644 2381 1841 2452 sacriS,
1886 2381 1947 2437 in
1988 2380 2167 2439 tertia
2208 2395 2354 2450 quae
2393 2381 2645 2454 privatis

404 2476 631 2551 positae
691 2482 874 2537 erant.
952 2488 1249 2553 perpauca
1309 2478 1382 2537 de
1442 2479 1706 2538 omnibus
1767 2479 1861 2536 his
1925 2480 2097 2536 rebus
2148 2477 2461 2535 memoriae
2512 2484 2645 2535 sunt

405 2575 662 2648 prodita,
727 2593 914 2648 neque
972 2577 1036 2636 id
1075 2577 1301 2647 mirum,
1344 2592 1475 2635 cum
1513 2576 1751 2636 levioris
1795 2581 1986 2634 essent
2026 2575 2323 2633 momenti:
2386 2579 2643 2633 attamen

408 2672 504 2729 vel
542 2673 686 2732 haec
723 2671 1035 2744 sufficient,
1088 2679 1154 2731 ut
1205 2673 1621 2745 quodammodo
1673 2673 1957 2746 explicari
1997 2673 2206 2746 possit,
2259 2671 2541 2743 quomodo
2582 2671 2645 2728 in

416 2785 487 2828 ea
526 2785 591 2828 re
631 2787 693 2828 se
731 2772 1014 2843 gesserint
1055 2771 1280 2831 Graeci.
1336 2771 1438 2829 sed
1479 2771 1708 2829 etiamsi
1747 2771 1894 2829 nihil
1935 2770 2006 2828 de
2046 2771 2157 2828 hac
2185 2785 2325 2827 cura
2350 2767 2645 2841 proditum

410 2872 580 2940 esset,
624 2884 731 2941 pro
773 2874 933 2927 certo
974 2873 1170 2927 tamen
1211 2867 1500 2927 affirmare
1541 2868 1745 2927 liceret
1770 2868 1930 2939 haec,
1975 2867 2155 2941 signis
2182 2866 2426 2940 publicis
2455 2865 2650 2938 publi*

407 2980 588 3037 coque
627 2964 756 3024 loco
797 2965 1005 3038 positis
1044 2965 1280 3038 proprie
1305 2964 1535 3038 quidem
1561 2966 1846 3024 neminem
1873 2965 1986 3023 nisi
2029 2964 2427 3036 magistratum
2452 2962 2643 3036 publi-

407 3078 537 3121 cum
578 3063 876 3122 consulere
918 3062 1171 3136 potuisse
1198 3062 1302 3138 (—
1332 3079 1446 3120 non
1474 3061 1889 3131 contendimus,
1931 3062 2332 3135 magistratum
2359 3060 2642 3131 quendam

404 3175 510 3218 sua
538 3159 752 3233 ‘ipsius
812 3175 983 3218 manu
1023 3163 1274 3218 statuam
1315 3176 1605 3233 purgasse,
1650 3159 1752 3218 sed
1792 3174 2026 3217 curasse
2065 3157 2233 3216 modo
2250 3202 2264 3226 ,
2305 3162 2374 3215 ut
2413 3157 2650 3231 saepius

408 3273 477 3316 ea
516 3257 689 3316 sorde
727 3257 1078 3316 liberaretur
1105 3257 1228 3333 —).
1290 3258 1543 3329 itemque
1582 3258 1763 3315 sacris
1804 3256 1947 3315 locis
1988 3255 2198 3315 statuis
2238 3254 2647 3313 conservandis

407 3355 610 3427 templi
636 3354 808 3413 modo
849 3360 1146 3414 curatores
1185 3354 1501 3426 providisse
1529 3358 1971 3414 consentaneum
1998 3358 2115 3418 estz
2158 3354 2417 3427 privatos
2453 3356 2652 3410 autem

405 3460 474 3511 ut
512 3452 653 3526 ipsis
692 3453 915 3525 placuit
954 3451 1164 3511 statuis
1208 3450 1561 3510 consuluisse
1601 3449 2011 3511 conservandis
2051 3465 2145 3508 res
2184 3449 2313 3521 ipsa
2353 3448 2537 3507 docet.

1500 3625 1551 3685 I.

569 3744 607 3802 J
608 3759 702 3803 am
740 3746 1046 3816 postquam
1085 3744 1284 3817 paucis
1310 3758 1459 3815 quae
1485 3741 1794 3801 tractanda
1821 3745 1972 3813 sunt,
2018 3739 2323 3813 attigimus,
2368 3740 2428 3797 in
2455 3740 2648 3812 prima

408 3847 577 3915 parte
637 3857 787 3913 quae
847 3841 920 3901 de
978 3841 1156 3915 signis
1215 3841 1432 3900 violatis
1490 3839 1805 3897 memoriae
1857 3842 1992 3897 sunt
2042 3836 2274 3910 prodita
2313 3838 2642 3896 accuratius

409 3940 884 4013 contemplemur.
953 3943 1013 3997 et
1053 3937 1192 3997 data
1231 3936 1464 4010 quidem
1505 3951 1683 4009 opera
1721 3919 2010 4008 permulta
2047 3933 2108 3992 in
2148 3933 2301 3993 bello
2345 3940 2445 3993 aut
2483 3934 2643 3994 laesa

409 4040 512 4096 aut
549 4033 781 4110 penitus
809 4035 1015 4095 *deleta
1055 4052 1180 4095 esse
1220 4035 1542 4107 simulacra,
1584 4034 1685 4092 vix
1714 4036 1804 4092 est
1842 4032 1998 4105 quod
2027 4037 2352 4103 moneatur3
2392 4031 2645 4105 plerum-

410 4151 520 4207 que
582 4139 778 4194 autem
836 4131 1117 4191 barbaros
1175 4132 1345 4190 modo
1406 4136 1509 4189 aut
1569 4130 1921 4190 Graecorum
1980 4128 2226 4202 populos
2284 4128 2652 4187 humanitate·

400 4235 673 4292 carentes
712 4247 894 4306 paene
935 4236 1056 4288 tam
1095 4230 1269 4289 rudes
1307 4229 1486 4289 fuisse
1513 4227 1917 4302 comperimus.
1970 4227 2179 4286 Persas
2208 4224 2436 4297 quidem
2461 4225 2650 4283 Athe—

2219 4320 2281 4374 3¹·
