3226 5078
1450 523 1891 589 ..10-

558 719 727 797 (689)
778 718 1069 792 publicato
1111 719 1382 793 colligere
1402 719 1721 791 -audemus;
1776 719 1858 777 ibi
1898 719 2049 777 enim
2089 719 2291 778 statuis
2335 719 2555 778 duabus
2594 719 2782 779 Theo-

557 832 762 890 pompo
813 815 1039 875 cuidam
1089 816 1294 875 dicatis
1342 833 1486 875 unus
1538 821 1771 876 curator
1810 816 2108 890 Philippus
2143 822 2210 876 et
2249 815 2608 889 perficiendis
2650 834 2782 877 con-

559 914 733 973 suluit
773 919 945 987 atque
985 914 1349 975 collocandis,

718 1011 863 1071 haec
921 1010 1044 1079 fere
1105 1012 1177 1071 de
1239 1011 1449 1072 officiis
1507 1017 1838 1070 curatorum
1899 1027 1971 1071 ex
2030 1012 2494 1085 inscriptionibus
2554 1015 2802 1086 graecis

560 1110 966 1183 comperimus;
1019 1110 1135 1169 iam
1160 1125 1346 1183 pauca
1387 1109 1457 1169 de
1485 1125 1719 1168 numero
1747 1126 1945 1169 eorum
1986 1113 2045 1168 et
2086 1110 2158 1169 de
2184 1111 2537 1184 temporibus
2579 1111 2782 1184 quibus

563 1207 725 1266 tituli
769 1208 883 1267 huc
932 1208 1284 1280 pertinentes
1333 1207 1560 1266 exarati
1609 1208 1751 1277 sint,
1815 1206 2126 1281 adiungere
2172 1208 2361 1268 liceat.
2423 1208 2592 1267 valde
2632 1210 2782 1268 enim

557 1306 763 1363 mirum
811 1306 1002 1364 nescio
1051 1321 1124 1363 an
1184 1304 1393 1363 nemini
1454 1304 1747 1374 videatur,
1818 1303 1971 1375 quod
2020 1320 2213 1364 omnes
2263 1305 2387 1364 fere
2444 1306 2507 1364 in
2575 1304 2782 1378 quibus

563 1407 1072 1463 commemorantur
1126 1406 1421 1462 curatores
1481 1402 1639 1461 tituli
1689 1403 1946 1461 Romano
1999 1403 2223 1461 demum
2272 1419 2412 1463 aevo
2475 1404 2784 1478 conscripti

563 1505 718 1573 sunt,
783 1500 1125 1574 praesertim
1175 1516 1305 1558 cum
1364 1500 1746 1572 reputaverit,
1812 1506 2058 1571 quantus
2108 1501 2224 1559 iam
2279 1507 2485 1574 quarto
2536 1516 2591 1561 a.
2647 1501 2781 1563 Chr.

563 1598 792 1657 saeculo
820 1603 1138 1657 statuarum
1178 1613 1445 1656 numerus
1471 1598 1532 1654 in
1563 1597 1809 1656 Graecia
1848 1596 2037 1656 fuerit.
2083 1613 2257 1658 causa
2283 1603 2476 1658 autem
2502 1615 2648 1671 quae
2689 1599 2784 1686 sit,

561 1694 714 1753 haud
765 1694 998 1755 difficile
1048 1697 1138 1754 est
1183 1694 1506 1754 intellectu:
1570 1710 1789 1767 paucae
1841 1695 1991 1753 enim
2051 1696 2277 1754 0111111110
2330 1700 2649 1755 statuarum
2697 1698 2783 1755 in·

558 1793 897 1866 scriptiones
923 1798 1058 1852 ante
1083 1794 1469 1852 Romanorum
1495 1796 1758 1865 tempora
1784 1796 2051 1852 exaratae
2078 1809 2214 1852 casu
2248 1793 2495 1866 quodam
2521 1799 2784 1854 servatae

563 1896 696 1949 sunt
720 1890 885 1950 nobis
924 1895 1003 1949 et‘
1024 1890 1101 1950 ad
1126 1874 1409 1949 rationem
1447 1906 1643 1949 earum
1687 1889 1757 1948 de
1785 1890 2145 1950 curatoribus
2171 1891 2423 1964 priorum
2462 1895 2784 1965 temporum

560 1988 795 2046 minima
820 1987 988 2047 modo
1017 1988 1425 2061 comperimus;
1478 1987 1716 2057 accedit,
1761 1989 1914 2060 quod
1940 1988 2146 2061 priscis
2173 1988 2400 2061 quidem
2428 1989 2783 2059 temporibus

561 2092 891 2146 curatorum
941 2086 1171 2145 nomina
1222 2102 1333 2145 11011
1382 2102 1607 2160 semper
1656 2086 1718 2143 111
1767 2087 1894 2159 ipsa
1943 2087 2090 2160 signi
2142 2086 2268 2146 basi
2308 2088 2538 2146 exarari
2576 2087 2638 2144 in
2674 2103 2782 2145 usu

567 2182 744 2243 fuisse
782 2178 1029 2244 videtur.
1078 2200 1211 2243 nam
1237 2184 1376 2256 quin
1416 2188 1713 2243 curatores
1753 2184 1936 2256 priori
1976 2201 2116 2244 aevo
2143 2185 2283 2243 item
2323 2190 2390 2242 ut
2414 2191 2616 2258 postea
2653 2185 2782 2243 11111-

565 2281 767 2354 cuique
806 2282 976 2342 electi
1002 2282 1120 2342 sint
1144 2283 1322 2356 signo,
1367 2281 1620 2340 dubitari
1644 2298 1758 2339 non
1782 2286 1993 2355 potest.
2044 2283 2201 2341 tituli
2227 2283 2455 2355 quidem
2495 2287 2629 2341 ante
2670 2283 2785 2341 Ro·

571 2394 866 2439 manorum
907 2397 1109 2461 aevum
1150 2380 1374 2440 exarati
1413 2380 1525 2438 huc
1564 2380 1858 2454 pertinent
1884 2380 1969 2438 hi:
2015 2380 2080 2441 G.
2119 2381 2163 2439 Ι.
2206 2380 2283 2439 A.
2324 2381 2387 2439 H
2416 2382 2526 2441 251
2560 2412 2636 2423 -
2668 2382 2782 2441 300

568 2509 645 2521 -
690 2478 806 2538 312
848 2510 924 2521 —-
955 2479 1065 2538 331
1103 2511 1176 2522 -
1220 2479 1336 2546 592
1380 2510 1455 2522 —
1495 2475 1695 2556 Ἀθήν.
1715 2478 1785 2550 V,
1837 2481 1873 2538 9
1924 2477 2000 2556 (31
2044 2484 2202 2538 recte
2253 2478 2325 2537 de
2376 2495 2443 2536 eo
2497 2478 2775 2538 iudicavit

562 2576 949 2653 Cumanudes)
991 2609 1065 2621 -
1107 2577 1262 2638 arch.
1305 2594 1352 2638 z.
1404 2577 1554 2636 1872
1595 2593 1654 2649 p.
1703 2577 1833 2649 188,
1875 2582 2108 2651 praeter
2146 2593 2322 2635 unum
2362 2577 2530 2636 attici
2570 2593 2780 2637 omnes.

567 2680 628 2733 ct
665 2675 728 2733 in
766 2676 954 2735 titulis
995 2676 1223 2748 quidem
1262 2674 1330 2736 C.
1371 2676 1418 2734 Ι.
1460 2676 1529 2733 A.
1574 2675 1637 2734 H
1678 2677 1789 2736 251
1834 2707 1908 2719 -
1941 2676 2058 2735 300
2101 2708 2176 2718 ——
2220 2674 2330 2734 331
2385 2679 2505 2734 tres
2547 2667 2784 2735 dilectos

564 2787 687 2831 esse
727 2789 833 2845 per
873 2773 1253 2832 chirotoniam
1293 2773 1446 2833 cives
1492 2772 1718 2846 ignotos
1756 2789 1990 2846 prorsus
2030 2774 2297 2846 legimus,
2338 2772 2437 2845 qui
2476 2773 2641 2846 signo
2682 2788 2784 2846 po-

563 2870 749 2928 nendo
792 2886 1026 2943 operam
1056 2871 1301 2936 ‚darent3
1343 2871 1404 2927 in
1443 2870 1816 2943 inscriptione
1857 2874 2051 2928 autem
2089 2868 2155 2929 Ο.
2185 2871 2232 2929 Ι.
2261 2870 2333 2927 A.
2376 2870 2437 2929 H
2478 2871 2594 2929 312
2634 2885 2783 2927 anno

560 2983 614 3027 a.
657 2966 791 3027 Chr.
845 2967 959 3027 283
1014 2972 1256 3026 exarata
1301 2971 1706 3040 procuratores
1756 2967 1987 3039 aerarii,
2038 2968 2101 3025 in
2133 2965 2329 3043 Ἀθήν.
2372 2967 2440 3040 V,
2494 2969 2530 3026 9
2573 2968 2783 3039 epime-

559 3063 734 3122 letam
788 3068 1082 3123 curatores
1131 3063 1309 3124 fuisse
1354 3063 1611 3137 legimus
1706 3062 1767 3122 G.
1812 3064 1860 3123 1.
1900 3062 1980 3125 A.
2020 3064 2080 3122 ΙΙ
2132 3065 2249 3124 592
2303 3079 2438 3123 vero
2491 3065 2782 3124 decretum

563 3165 651 3219 est
691 3159 1089 3219 cleruchorum
1127 3160 1541 3233 Hephaestiam
1579 3158 1781 3221 urbem
1820 3162 2215 3228 incolentium
2268 3162 2365 3235 qui
2406 3162 2517 3222 civi
2558 3162 2784 3221 cuidam

426 3321 439 3334 ,
561 3257 811 3316 Athenis
860 3263 1111 3319 statuam
1159 3258 1380 3332 erigere
1421 3260 1837 3318 constituerant
1886 3264 1947 3318 et
1995 3264 2305 3333 propterea
2342 3261 2585 3333 quinque
2625 3261 2784 3319 viros

561 3355 875 3430 elegerant,
940 3356 1039 3428 qui
1087 3355 1344 3416 Athenas
1403 3357 1583 3416 irent.
1605 3361 1998 3431 peterentque,
2048 3363 2114 3416 ut
2174 3357 2286 3417 sibi
2331 3357 2440 3417 hoc
2493 3357 2781 3417 decretum

560 3454 788 3529 exigere
838 3454 1055 3513 liceret.
1105 3454 1401 3527 proximus
1452 3454 1695 3527 denique
1741 3454 1945 3514 titulus
2000 3441 2277 3514 tredecim
2314 3455 2361 3515 J
2361 3454 2508 3515 011101
2554 3455 2785 3514 concilii

520 3575 535 3588 ·
558 3552 785 3611 urbium
835 3551 1130 3611 decretum
1179 3555 1268 3612 est
1308 3553 1671 3627 pertinetque
1721 3553 1796 3611 ad
1846 3558 2097 3613 statuam
2135 3554 2513 3628 Hippostrato
2554 3553 2781 3613 Milesio

560 3649 897 3722 ponendam,
951 3649 1046 3709 cui
1092 3650 1181 3710 rei
1229 3654 1295 3710 ut
1347 3650 1737 3726 providerent,
1792 3651 1938 3711 duae
1987 3650 2156 3710 urbes
2208 3652 2554 3710 constitutae
2596 3655 2778 3710 erant.

559 3751 751 3806 certus
791 3747 971 3820 igitur
1009 3752 1338 3807 curatorum
1364 3765 1632 3808 numerus
1672 3764 1789 3807 non
1815 3748 2064 3808 exstitit:
2108 3749 2432 3822 complures
2472 3748 2637 3820 em’m,
2680 3746 2782 3807 sed

558 3844 655 3903 vel
701 3861 878 3902 unum
926 3845 1037 3904 hoc
1077 3862 1311 3906 munere
1360 3845 1616 3905 functum
1668 3862 1792 3906 esse
1838 3846 2091 3920 legimus.
2157 3844 2310 3905 idem
2358 3844 2481 3904 fere
2531 3845 2781 3918 posteris

560 3940 776 4001 factum
818 3947 908 4001 est
947 3942 1315 4015 temporibus,
1370 3958 1714 4015 quamquam
1764 3958 1909 4001 1111113
1950 3943 2282 4017 plerumque
2333 3947 2566 4001 curator
2614 3939 2779 4001 suffe·

559 4040 706 4099 cisse
744 4039 989 4099 videtur.
1821 4055 1830 4064 ·

718 4137 1054 4197 Praemissis
1092 4138 1184 4197 his
1209 4139 1381 4197 rebus
1407 4137 1525 4196 iam
1550 4137 1647 4210 qui
1694 4136 1835 4196 ordo
1860 4135 2038 4197 fuerit
2064 4141 2393 4196 curatorum
2420 4137 2777 4210 publicorum

557 4235 869 4297 videamus.
