<?xml version="1.0" encoding="UTF-8"?>
<!DOCTYPE html PUBLIC "-//W3C//DTD XHTML 1.0 Transitional//EN"
    "http://www.w3.org/TR/xhtml1/DTD/xhtml1-transitional.dtd">
<html xmlns="http://www.w3.org/1999/xhtml" xml:lang="en" lang="en">
 <head>
  <title>
</title>
<meta http-equiv="Content-Type" content="text/html;charset=utf-8" />
  <meta name='ocr-system' content='tesseract 3.04.00' />
  <meta name='ocr-capabilities' content='ocr_page ocr_carea ocr_par ocr_line ocrx_word'/>
</head>
<body>
  <div class='ocr_page' id='page_1' title='image "./decurastatuarum00kuhngoog_0045.png"; bbox 0 0 3226 5078; ppageno 0'>
   <div class='ocr_carea' id='block_1_1' title="bbox 1377 577 1818 640">
    <p class='ocr_par' dir='ltr' id='par_1_1' title="bbox 1377 577 1818 640">
     <span class='ocr_line' id='line_1_1' title="bbox 1377 577 1818 640; baseline 0.002 -18"><span class='ocrx_word' id='word_1_1' title='bbox 1377 577 1818 640; x_wconf 74' lang='lat'><strong>—37-</strong></span> 
     </span>
    </p>
   </div>
   <div class='ocr_carea' id='block_1_2' title="bbox 481 768 2732 3372">
    <p class='ocr_par' dir='ltr' id='par_1_2' title="bbox 481 768 2721 1815">
     <span class='ocr_line' id='line_1_2' title="bbox 484 768 2717 830; baseline -0 -1"><span class='ocrx_word' id='word_1_2' title='bbox 484 770 815 829; x_wconf 82' lang='lat' dir='ltr'><strong>demitteret</strong></span> <span class='ocrx_word' id='word_1_3' title='bbox 842 785 1047 827; x_wconf 91' lang='lat' dir='ltr'><strong>aureos</strong></span> <span class='ocrx_word' id='word_1_4' title='bbox 1075 768 1369 828; x_wconf 82' lang='lat' dir='ltr'>cincinnos</span> <span class='ocrx_word' id='word_1_5' title='bbox 1396 770 1649 829; x_wconf 87' lang='lat' dir='ltr'><strong>resecari</strong></span> <span class='ocrx_word' id='word_1_6' title='bbox 1676 770 1919 830; x_wconf 88' lang='lat' dir='ltr'><strong>iuberet.</strong></span> <span class='ocrx_word' id='word_1_7' title='bbox 1984 786 2056 829; x_wconf 84' lang='lat' dir='ltr'><strong>ex</strong></span> <span class='ocrx_word' id='word_1_8' title='bbox 2082 770 2488 829; x_wconf 84' lang='lat' dir='ltr'><strong>Demosthenis</strong></span> <span class='ocrx_word' id='word_1_9' title='bbox 2524 774 2717 828; x_wconf 89' lang='lat' dir='ltr'><strong>autem</strong></span> 
     </span>
     <span class='ocr_line' id='line_1_3' title="bbox 483 866 2715 943; baseline 0 -18"><span class='ocrx_word' id='word_1_10' title='bbox 483 868 742 926; x_wconf 90' lang='lat' dir='ltr'><strong>oratione</strong></span> <span class='ocrx_word' id='word_1_11' title='bbox 770 867 967 925; x_wconf 80' lang='lat' dir='ltr'>XXIV</span> <span class='ocrx_word' id='word_1_12' title='bbox 981 866 1027 941; x_wconf 86' lang='grc'><strong>1)</strong></span> <span class='ocrx_word' id='word_1_13' title='bbox 1067 868 1323 925; x_wconf 89' lang='lat' dir='ltr'><strong>latrones</strong></span> <span class='ocrx_word' id='word_1_14' title='bbox 1364 867 1643 938; x_wconf 89' lang='lat' dir='ltr'><strong>quosdam</strong></span> <span class='ocrx_word' id='word_1_15' title='bbox 1683 869 1975 927; x_wconf 81' lang='lat' dir='ltr'><strong>acroteria</strong></span> <span class='ocrx_word' id='word_1_16' title='bbox 2015 867 2095 943; x_wconf 88' lang='lat' dir='ltr'><strong>(h.</strong></span> <span class='ocrx_word' id='word_1_17' title='bbox 2142 885 2189 926; x_wconf 90' lang='lat' dir='ltr'><strong>e.</strong></span> <span class='ocrx_word' id='word_1_18' title='bbox 2234 866 2381 942; x_wconf 87' lang='lat' dir='ltr'><strong>alas)</strong></span> <span class='ocrx_word' id='word_1_19' title='bbox 2412 867 2715 927; x_wconf 82' lang='lat' dir='ltr'><strong>Victoriae</strong></span> 
     </span>
     <span class='ocr_line' id='line_1_4' title="bbox 482 963 2717 1037; baseline 0 -14"><span class='ocrx_word' id='word_1_20' title='bbox 482 982 661 1024; x_wconf 88' lang='lat' dir='ltr'><strong>aurea</strong></span> <span class='ocrx_word' id='word_1_21' title='bbox 716 965 1035 1023; x_wconf 89' lang='lat' dir='ltr'><strong>decussisse</strong></span> <span class='ocrx_word' id='word_1_22' title='bbox 1077 963 1348 1037; x_wconf 88' lang='lat' dir='ltr'><strong>efficitur;</strong></span> <span class='ocrx_word' id='word_1_23' title='bbox 1409 964 1735 1024; x_wconf 85' lang='lat' dir='ltr'><strong>Lacharem</strong></span> <span class='ocrx_word' id='word_1_24' title='bbox 1788 965 1994 1025; x_wconf 93' lang='lat' dir='ltr'><strong>deinde</strong></span> <span class='ocrx_word' id='word_1_25' title='bbox 2036 982 2107 1024; x_wconf 87' lang='lat' dir='ltr'><strong>ex</strong></span> <span class='ocrx_word' id='word_1_26' title='bbox 2148 965 2516 1024; x_wconf 87' lang='lat' dir='ltr'><strong>Athenarum</strong></span> <span class='ocrx_word' id='word_1_27' title='bbox 2556 965 2717 1023; x_wconf 88' lang='lat' dir='ltr'><strong>urbis</strong></span> 
     </span>
     <span class='ocr_line' id='line_1_5' title="bbox 482 1061 2719 1136; baseline 0 -16"><span class='ocrx_word' id='word_1_28' title='bbox 482 1078 617 1121; x_wconf 89' lang='lat' dir='ltr'><strong>arce</strong></span> <span class='ocrx_word' id='word_1_29' title='bbox 703 1078 879 1120; x_wconf 88' lang='lat' dir='ltr'><strong>aurea</strong></span> <span class='ocrx_word' id='word_1_30' title='bbox 947 1061 1250 1121; x_wconf 84' lang='lat' dir='ltr'><strong>abstulisse</strong></span> <span class='ocrx_word' id='word_1_31' title='bbox 1319 1067 1482 1121; x_wconf 89' lang='lat' dir='ltr'><strong>scuta</strong></span> <span class='ocrx_word' id='word_1_32' title='bbox 1540 1061 1952 1135; x_wconf 89' lang='lat' dir='ltr'><strong>Minervaeque</strong></span> <span class='ocrx_word' id='word_1_33' title='bbox 2013 1063 2230 1136; x_wconf 86' lang='lat' dir='ltr'><strong>signum</strong></span> <span class='ocrx_word' id='word_1_34' title='bbox 2294 1068 2502 1121; x_wconf 91' lang='lat' dir='ltr'><strong>ornatu</strong></span> <span class='ocrx_word' id='word_1_35' title='bbox 2566 1063 2719 1120; x_wconf 91' lang='lat' dir='ltr'><strong>omni</strong></span> 
     </span>
     <span class='ocr_line' id='line_1_6' title="bbox 483 1158 2720 1233; baseline -0 -15"><span class='ocrx_word' id='word_1_36' title='bbox 483 1160 707 1219; x_wconf 89' lang='lat' dir='ltr'><strong>exuisse</strong></span> <span class='ocrx_word' id='word_1_37' title='bbox 749 1159 980 1217; x_wconf 85' lang='lat' dir='ltr'><strong>aliunde</strong></span> <span class='ocrx_word' id='word_1_38' title='bbox 1021 1159 1416 1231; x_wconf 76' lang='lat' dir='ltr'><strong>comperimus,</strong></span> <span class='ocrx_word' id='word_1_39' title='bbox 1431 1158 1478 1233; x_wconf 80' lang='grc'><strong>2&gt;</strong></span> <span class='ocrx_word' id='word_1_40' title='bbox 1560 1159 1874 1218; x_wconf 88' lang='lat' dir='ltr'><strong>recentiori</strong></span> <span class='ocrx_word' id='word_1_41' title='bbox 1912 1176 2049 1218; x_wconf 89' lang='lat' dir='ltr'><strong>vero</strong></span> <span class='ocrx_word' id='word_1_42' title='bbox 2092 1176 2230 1218; x_wconf 86' lang='lat' dir='ltr'><strong>aevo</strong></span> <span class='ocrx_word' id='word_1_43' title='bbox 2274 1160 2417 1218; x_wconf 91' lang='lat' dir='ltr'><strong>haec</strong></span> <span class='ocrx_word' id='word_1_44' title='bbox 2457 1158 2720 1218; x_wconf 86' lang='lat' dir='ltr'><strong>facinora</strong></span> 
     </span>
     <span class='ocr_line' id='line_1_7' title="bbox 483 1256 2719 1329; baseline -0 -14"><span class='ocrx_word' id='word_1_45' title='bbox 483 1256 709 1329; x_wconf 86' lang='lat' dir='ltr'><strong>saepius</strong></span> <span class='ocrx_word' id='word_1_46' title='bbox 759 1260 1096 1329; x_wconf 85' lang='lat' dir='ltr'><strong>perpatrata</strong></span> <span class='ocrx_word' id='word_1_47' title='bbox 1144 1273 1268 1315; x_wconf 88' lang='lat' dir='ltr'><strong>esse</strong></span> <span class='ocrx_word' id='word_1_48' title='bbox 1321 1273 1486 1314; x_wconf 90' lang='lat' dir='ltr'><strong>nemo</strong></span> <span class='ocrx_word' id='word_1_49' title='bbox 1536 1257 1861 1317; x_wconf 90' lang='lat' dir='ltr'><strong>mirabitur.</strong></span> <span class='ocrx_word' id='word_1_50' title='bbox 1943 1275 2015 1316; x_wconf 88' lang='lat' dir='ltr'><strong>ex</strong></span> <span class='ocrx_word' id='word_1_51' title='bbox 2054 1257 2301 1315; x_wconf 90' lang='lat' dir='ltr'><strong>Luciani</strong></span> <span class='ocrx_word' id='word_1_52' title='bbox 2350 1257 2577 1329; x_wconf 91' lang='lat' dir='ltr'><strong>quidem</strong></span> <span class='ocrx_word' id='word_1_53' title='bbox 2618 1258 2719 1329; x_wconf 90' lang='lat' dir='ltr'><strong>qui</strong></span> 
     </span>
     <span class='ocr_line' id='line_1_8' title="bbox 481 1353 2718 1430; baseline -0 -17"><span class='ocrx_word' id='word_1_54' title='bbox 481 1354 528 1413; x_wconf 86' lang='lat' dir='ltr'><strong>J</strong></span> <span class='ocrx_word' id='word_1_55' title='bbox 525 1354 761 1427; x_wconf 90' lang='lat' dir='ltr'><strong>uppiter</strong></span> <span class='ocrx_word' id='word_1_56' title='bbox 823 1353 1136 1426; x_wconf 84' lang='lat' dir='ltr'><strong>tragoedus</strong></span> <span class='ocrx_word' id='word_1_57' title='bbox 1186 1353 1521 1411; x_wconf 91' lang='lat' dir='ltr'><strong>inscribitur</strong></span> <span class='ocrx_word' id='word_1_58' title='bbox 1561 1354 1709 1412; x_wconf 92' lang='lat' dir='ltr'><strong>libro</strong></span> <span class='ocrx_word' id='word_1_59' title='bbox 1754 1353 1883 1430; x_wconf 85' lang='lat'>(25)</span> <span class='ocrx_word' id='word_1_60' title='bbox 1925 1354 2085 1412; x_wconf 85' lang='lat' dir='ltr'><strong>brevi</strong></span> <span class='ocrx_word' id='word_1_61' title='bbox 2127 1358 2263 1412; x_wconf 90' lang='lat' dir='ltr'><strong>ante</strong></span> <span class='ocrx_word' id='word_1_62' title='bbox 2323 1372 2359 1412; x_wconf 92' lang='lat' dir='ltr'><strong>a</strong></span> <span class='ocrx_word' id='word_1_63' title='bbox 2420 1355 2718 1427; x_wconf 83' lang='lat' dir='ltr'><strong>sacrilegis</strong></span> 
     </span>
     <span class='ocr_line' id='line_1_9' title="bbox 484 1449 2719 1524; baseline 0 -16"><span class='ocrx_word' id='word_1_64' title='bbox 484 1451 822 1522; x_wconf 90' lang='lat' dir='ltr'><strong>quibusdam</strong></span> <span class='ocrx_word' id='word_1_65' title='bbox 865 1450 1238 1509; x_wconf 90' lang='lat' dir='ltr'><strong>celeberrimo</strong></span> <span class='ocrx_word' id='word_1_66' title='bbox 1267 1449 1313 1508; x_wconf 85' lang='lat' dir='ltr'><strong>J</strong></span> <span class='ocrx_word' id='word_1_67' title='bbox 1314 1451 1435 1509; x_wconf 87' lang='lat' dir='ltr'><strong>ovis</strong></span> <span class='ocrx_word' id='word_1_68' title='bbox 1462 1450 1716 1524; x_wconf 85' lang='lat' dir='ltr'><strong>Olympii</strong></span> <span class='ocrx_word' id='word_1_69' title='bbox 1759 1452 2065 1509; x_wconf 89' lang='lat' dir='ltr'><strong>simulacro</strong></span> <span class='ocrx_word' id='word_1_70' title='bbox 2109 1451 2252 1510; x_wconf 90' lang='lat' dir='ltr'><strong>duos</strong></span> <span class='ocrx_word' id='word_1_71' title='bbox 2295 1450 2587 1509; x_wconf 92' lang='lat' dir='ltr'><strong>cincinnos</strong></span> <span class='ocrx_word' id='word_1_72' title='bbox 2615 1450 2719 1509; x_wconf 93' lang='lat' dir='ltr'><strong>de-</strong></span> 
     </span>
     <span class='ocr_line' id='line_1_10' title="bbox 485 1546 2720 1631; baseline 0 -27"><span class='ocrx_word' id='word_1_73' title='bbox 485 1553 680 1607; x_wconf 90' lang='lat' dir='ltr'><strong>tonsos</strong></span> <span class='ocrx_word' id='word_1_74' title='bbox 722 1563 848 1606; x_wconf 91' lang='lat' dir='ltr'><strong>esse</strong></span> <span class='ocrx_word' id='word_1_75' title='bbox 891 1548 1290 1621; x_wconf 79' lang='lat' dir='ltr'><strong>comperimus3</strong></span> <span class='ocrx_word' id='word_1_76' title='bbox 1336 1547 1649 1620; x_wconf 89' lang='lat' dir='ltr'><strong>eodemque</strong></span> <span class='ocrx_word' id='word_1_77' title='bbox 1688 1546 1810 1607; x_wconf 87' lang='lat' dir='ltr'><strong>fere</strong></span> <span class='ocrx_word' id='word_1_78' title='bbox 1836 1553 2095 1621; x_wconf 90' lang='lat' dir='ltr'><strong>tempore</strong></span> <span class='ocrx_word' id='word_1_79' title='bbox 2123 1549 2376 1631; x_wconf 80' lang='lat' dir='ltr'><strong>Neptuni</strong></span> <span class='ocrx_word' id='word_1_80' title='bbox 2413 1549 2720 1606; x_wconf 88' lang='lat' dir='ltr'><strong>simulacro</strong></span> 
     </span>
     <span class='ocr_line' id='line_1_11' title="bbox 489 1644 2721 1729; baseline -0.001 -25"><span class='ocrx_word' id='word_1_81' title='bbox 489 1646 752 1706; x_wconf 89' lang='lat' dir='ltr'><strong>Geraesti</strong></span> <span class='ocrx_word' id='word_1_82' title='bbox 803 1645 1084 1704; x_wconf 87' lang='lat' dir='ltr'><strong>collocato</strong></span> <span class='ocrx_word' id='word_1_83' title='bbox 1135 1645 1480 1729; x_wconf 86' lang='lat' dir='ltr'><strong>piscatorem</strong></span> <span class='ocrx_word' id='word_1_84' title='bbox 1529 1646 1812 1718; x_wconf 89' lang='lat' dir='ltr'><strong>quendam</strong></span> <span class='ocrx_word' id='word_1_85' title='bbox 1862 1646 2138 1704; x_wconf 88' lang='lat' dir='ltr'><strong>triaenam</strong></span> <span class='ocrx_word' id='word_1_86' title='bbox 2185 1646 2462 1718; x_wconf 87' lang='lat' dir='ltr'><strong>eripuisse</strong></span> <span class='ocrx_word' id='word_1_87' title='bbox 2503 1644 2721 1703; x_wconf 89' lang='lat' dir='ltr'><strong>ibidem</strong></span> 
     </span>
     <span class='ocr_line' id='line_1_12' title="bbox 484 1743 717 1815; baseline -0.004 -14"><span class='ocrx_word' id='word_1_88' title='bbox 484 1743 717 1815; x_wconf 80' lang='lat' dir='ltr'><strong>legitur.</strong></span> 
     </span>
    </p>

    <p class='ocr_par' dir='ltr' id='par_1_3' title="bbox 484 1834 2724 2012">
     <span class='ocr_line' id='line_1_13' title="bbox 648 1834 2724 1914; baseline -0.001 -16"><span class='ocrx_word' id='word_1_89' title='bbox 648 1840 939 1898; x_wconf 89' lang='lat' dir='ltr'><strong>interdum</strong></span> <span class='ocrx_word' id='word_1_90' title='bbox 981 1840 1157 1897; x_wconf 88' lang='lat' dir='ltr'><strong>etiam</strong></span> <span class='ocrx_word' id='word_1_91' title='bbox 1198 1839 1504 1896; x_wconf 91' lang='lat' dir='ltr'><strong>simulacra</strong></span> <span class='ocrx_word' id='word_1_92' title='bbox 1547 1856 1583 1896; x_wconf 92' lang='lat' dir='ltr'><strong>a</strong></span> <span class='ocrx_word' id='word_1_93' title='bbox 1619 1839 1840 1898; x_wconf 88' lang='lat' dir='ltr'><strong>furibus</strong></span> <span class='ocrx_word' id='word_1_94' title='bbox 1853 1834 1898 1914; x_wconf 82' lang='lat'><strong>³)</strong></span> <span class='ocrx_word' id='word_1_95' title='bbox 1941 1844 2209 1912; x_wconf 88' lang='lat' dir='ltr'><strong>surrepta</strong></span> <span class='ocrx_word' id='word_1_96' title='bbox 2251 1855 2375 1897; x_wconf 89' lang='lat' dir='ltr'><strong>esse</strong></span> <span class='ocrx_word' id='word_1_97' title='bbox 2416 1855 2487 1896; x_wconf 89' lang='lat' dir='ltr'><strong>ex</strong></span> <span class='ocrx_word' id='word_1_98' title='bbox 2528 1839 2724 1897; x_wconf 91' lang='lat' dir='ltr'><strong>iocosa</strong></span> 
     </span>
     <span class='ocr_line' id='line_1_14' title="bbox 484 1935 2714 2012; baseline -0 -18"><span class='ocrx_word' id='word_1_99' title='bbox 484 1937 854 2009; x_wconf 87' lang='lat' dir='ltr'><strong>inscriptione</strong></span> <span class='ocrx_word' id='word_1_100' title='bbox 904 1937 966 1994; x_wconf 90' lang='lat' dir='ltr'><strong>in</strong></span> <span class='ocrx_word' id='word_1_101' title='bbox 1018 1936 1163 1995; x_wconf 88' lang='lat' dir='ltr'><strong>Chio</strong></span> <span class='ocrx_word' id='word_1_102' title='bbox 1214 1936 1403 1994; x_wconf 90' lang='lat' dir='ltr'><strong>insula</strong></span> <span class='ocrx_word' id='word_1_103' title='bbox 1449 1941 1686 2008; x_wconf 87' lang='lat' dir='ltr'><strong>reperta</strong></span> <span class='ocrx_word' id='word_1_104' title='bbox 1726 1936 1816 2012; x_wconf 83' lang='lat' dir='ltr'><strong>(O.</strong></span> <span class='ocrx_word' id='word_1_105' title='bbox 1870 1936 1917 1994; x_wconf 89' lang='grc' dir='ltr'><strong>Ι.</strong></span> <span class='ocrx_word' id='word_1_106' title='bbox 1963 1937 2031 1995; x_wconf 89' lang='lat' dir='ltr'><strong>G.</strong></span> <span class='ocrx_word' id='word_1_107' title='bbox 2073 1936 2135 1994; x_wconf 89' lang='lat' dir='ltr'>H</span> <span class='ocrx_word' id='word_1_108' title='bbox 2178 1935 2361 2010; x_wconf 83' lang='lat'>2229)</span> <span class='ocrx_word' id='word_1_109' title='bbox 2414 1936 2714 1994; x_wconf 85' lang='lat' dir='ltr'><strong>discimus:</strong></span> 
     </span>
    </p>

    <p class='ocr_par' dir='ltr' id='par_1_4' title="bbox 732 2031 2410 2208">
     <span class='ocr_line' id='line_1_15' title="bbox 732 2031 2410 2112; baseline -0.002 -20"><span class='ocrx_word' id='word_1_110' title='bbox 732 2031 947 2112; x_wconf 82' lang='grc' dir='ltr'>Ἑρμῆν</span> <span class='ocrx_word' id='word_1_111' title='bbox 988 2033 1080 2091; x_wconf 84' lang='grc' dir='ltr'><strong>τὸν</strong></span> <span class='ocrx_word' id='word_1_112' title='bbox 1124 2032 1360 2108; x_wconf 83' lang='grc' dir='ltr'>κλέπτην</span> <span class='ocrx_word' id='word_1_113' title='bbox 1402 2031 1479 2095; x_wconf 84' lang='grc' dir='ltr'><strong>τίς</strong></span> <span class='ocrx_word' id='word_1_114' title='bbox 1519 2031 1793 2109; x_wconf 74' lang='grc' dir='ltr'>ὑφείλετος</span> <span class='ocrx_word' id='word_1_115' title='bbox 1849 2031 2055 2110; x_wconf 84' lang='grc' dir='ltr'>θερμὸς</span> <span class='ocrx_word' id='word_1_116' title='bbox 2098 2031 2127 2089; x_wconf 85' lang='grc' dir='ltr'><strong><em>ὃ</em></strong></span> <span class='ocrx_word' id='word_1_117' title='bbox 2157 2031 2410 2108; x_wconf 79' lang='grc' dir='ltr'>κλέπτης,</span> 
     </span>
     <span class='ocr_line' id='line_1_16' title="bbox 745 2128 1986 2208; baseline -0.002 -20"><span class='ocrx_word' id='word_1_118' title='bbox 745 2130 804 2195; x_wconf 83' lang='grc' dir='ltr'><strong>ὃς</strong></span> <span class='ocrx_word' id='word_1_119' title='bbox 842 2134 951 2189; x_wconf 83' lang='grc' dir='ltr'><strong>τῶν</strong></span> <span class='ocrx_word' id='word_1_120' title='bbox 989 2131 1281 2208; x_wconf 82' lang='grc' dir='ltr'>φηλητέων</span> <span class='ocrx_word' id='word_1_121' title='bbox 1323 2128 1484 2208; x_wconf 70' lang='grc' dir='ltr'>ᾤχετ’</span> <span class='ocrx_word' id='word_1_122' title='bbox 1531 2128 1738 2189; x_wconf 78' lang='grc' dir='ltr'>ἄνακτα</span> <span class='ocrx_word' id='word_1_123' title='bbox 1778 2130 1986 2208; x_wconf 67' lang='grc' dir='ltr'>φέρωνῑ</span> 
     </span>
    </p>

    <p class='ocr_par' dir='ltr' id='par_1_5' title="bbox 484 2228 2725 2384">
     <span class='ocr_line' id='line_1_17' title="bbox 652 2228 2725 2300; baseline -0.001 -14"><span class='ocrx_word' id='word_1_124' title='bbox 652 2229 795 2287; x_wconf 87' lang='lat' dir='ltr'><strong>haec</strong></span> <span class='ocrx_word' id='word_1_125' title='bbox 854 2230 913 2286; x_wconf 93' lang='lat' dir='ltr'><strong>in</strong></span> <span class='ocrx_word' id='word_1_126' title='bbox 974 2229 1102 2288; x_wconf 87' lang='lat' dir='ltr'><strong>basi</strong></span> <span class='ocrx_word' id='word_1_127' title='bbox 1163 2229 1285 2287; x_wconf 91' lang='lat' dir='ltr'><strong>sine</strong></span> <span class='ocrx_word' id='word_1_128' title='bbox 1337 2228 1538 2296; x_wconf 91' lang='lat' dir='ltr'><strong>dubio,</strong></span> <span class='ocrx_word' id='word_1_129' title='bbox 1604 2232 1673 2286; x_wconf 90' lang='lat' dir='ltr'><strong>ut</strong></span> <span class='ocrx_word' id='word_1_130' title='bbox 1711 2228 1929 2286; x_wconf 91' lang='lat' dir='ltr'><strong>iudicat</strong></span> <span class='ocrx_word' id='word_1_131' title='bbox 1969 2228 2291 2300; x_wconf 71' lang='lat' dir='ltr'><strong>Bockhius,</strong></span> <span class='ocrx_word' id='word_1_132' title='bbox 2337 2228 2519 2286; x_wconf 88' lang='lat' dir='ltr'><strong>incisa</strong></span> <span class='ocrx_word' id='word_1_133' title='bbox 2560 2232 2725 2286; x_wconf 87' lang='lat' dir='ltr'><strong>erant</strong></span> 
     </span>
     <span class='ocr_line' id='line_1_18' title="bbox 484 2323 1288 2384; baseline 0 -2"><span class='ocrx_word' id='word_1_134' title='bbox 484 2329 719 2383; x_wconf 85' lang='lat' dir='ltr'><strong>statuae</strong></span> <span class='ocrx_word' id='word_1_135' title='bbox 761 2342 797 2384; x_wconf 88' lang='lat' dir='ltr'><strong>a</strong></span> <span class='ocrx_word' id='word_1_136' title='bbox 838 2323 964 2383; x_wconf 84' lang='lat' dir='ltr'><strong>fure</strong></span> <span class='ocrx_word' id='word_1_137' title='bbox 1005 2326 1288 2383; x_wconf 88' lang='lat' dir='ltr'><strong>sublatae.</strong></span> 
     </span>
    </p>

    <p class='ocr_par' dir='ltr' id='par_1_6' title="bbox 485 2421 2730 2972">
     <span class='ocr_line' id='line_1_19' title="bbox 647 2421 2726 2495; baseline 0 -16"><span class='ocrx_word' id='word_1_138' title='bbox 647 2422 942 2480; x_wconf 89' lang='lat' dir='ltr'><strong>hominum</strong></span> <span class='ocrx_word' id='word_1_139' title='bbox 1003 2423 1167 2495; x_wconf 87' lang='lat' dir='ltr'><strong>signa</strong></span> <span class='ocrx_word' id='word_1_140' title='bbox 1227 2421 1367 2493; x_wconf 90' lang='lat' dir='ltr'><strong>quin</strong></span> <span class='ocrx_word' id='word_1_141' title='bbox 1415 2423 1595 2480; x_wconf 92' lang='lat' dir='ltr'><strong>multo</strong></span> <span class='ocrx_word' id='word_1_142' title='bbox 1648 2422 1876 2494; x_wconf 90' lang='lat' dir='ltr'><strong>saepius</strong></span> <span class='ocrx_word' id='word_1_143' title='bbox 1928 2427 2030 2480; x_wconf 90' lang='lat' dir='ltr'><strong>aut</strong></span> <span class='ocrx_word' id='word_1_144' title='bbox 2079 2423 2331 2480; x_wconf 85' lang='lat' dir='ltr'><strong>violatae</strong></span> <span class='ocrx_word' id='word_1_145' title='bbox 2372 2427 2475 2480; x_wconf 83' lang='lat' dir='ltr'><strong>aut</strong></span> <span class='ocrx_word' id='word_1_146' title='bbox 2516 2427 2726 2481; x_wconf 90' lang='lat' dir='ltr'><strong>ornatu</strong></span> 
     </span>
     <span class='ocr_line' id='line_1_20' title="bbox 485 2519 2730 2594; baseline -0.001 -15"><span class='ocrx_word' id='word_1_147' title='bbox 485 2521 751 2594; x_wconf 86' lang='lat' dir='ltr'><strong>privatae</strong></span> <span class='ocrx_word' id='word_1_148' title='bbox 794 2522 925 2594; x_wconf 85' lang='lat' dir='ltr'><strong>sint,</strong></span> <span class='ocrx_word' id='word_1_149' title='bbox 970 2536 1135 2581; x_wconf 91' lang='lat' dir='ltr'><strong>nemo</strong></span> <span class='ocrx_word' id='word_1_150' title='bbox 1177 2519 1486 2591; x_wconf 82' lang='lat' dir='ltr'><strong>dubitabit3</strong></span> <span class='ocrx_word' id='word_1_151' title='bbox 1532 2524 1790 2579; x_wconf 87' lang='lat' dir='ltr'><strong>attamen</strong></span> <span class='ocrx_word' id='word_1_152' title='bbox 1818 2520 1930 2579; x_wconf 92' lang='lat' dir='ltr'><strong>duo</strong></span> <span class='ocrx_word' id='word_1_153' title='bbox 1958 2521 2127 2579; x_wconf 91' lang='lat' dir='ltr'><strong>modo</strong></span> <span class='ocrx_word' id='word_1_154' title='bbox 2155 2520 2323 2579; x_wconf 89' lang='lat' dir='ltr'><strong>huius</strong></span> <span class='ocrx_word' id='word_1_155' title='bbox 2350 2520 2437 2579; x_wconf 92' lang='lat' dir='ltr'><strong>rei</strong></span> <span class='ocrx_word' id='word_1_156' title='bbox 2464 2521 2730 2593; x_wconf 88' lang='lat' dir='ltr'><strong>exempla</strong></span> 
     </span>
     <span class='ocr_line' id='line_1_21' title="bbox 487 2617 2727 2694; baseline -0.001 -15"><span class='ocrx_word' id='word_1_157' title='bbox 487 2637 592 2694; x_wconf 87' lang='lat' dir='ltr'><strong>per</strong></span> <span class='ocrx_word' id='word_1_158' title='bbox 637 2636 830 2678; x_wconf 90' lang='lat' dir='ltr'><strong>casum</strong></span> <span class='ocrx_word' id='word_1_159' title='bbox 871 2620 1036 2677; x_wconf 88' lang='lat' dir='ltr'><strong>nobis</strong></span> <span class='ocrx_word' id='word_1_160' title='bbox 1077 2623 1306 2678; x_wconf 86' lang='lat' dir='ltr'><strong>servata</strong></span> <span class='ocrx_word' id='word_1_161' title='bbox 1347 2624 1500 2678; x_wconf 90' lang='lat' dir='ltr'><strong>sunt.</strong></span> <span class='ocrx_word' id='word_1_162' title='bbox 1581 2619 1859 2691; x_wconf 86' lang='lat' dir='ltr'><strong>patricios</strong></span> <span class='ocrx_word' id='word_1_163' title='bbox 1897 2620 2053 2692; x_wconf 75' lang='lat' dir='ltr'><strong>enim</strong></span> <span class='ocrx_word' id='word_1_164' title='bbox 2092 2619 2153 2676; x_wconf 85' lang='lat' dir='ltr'><strong>in</strong></span> <span class='ocrx_word' id='word_1_165' title='bbox 2194 2618 2337 2677; x_wconf 86' lang='lat' dir='ltr'><strong>Chio</strong></span> <span class='ocrx_word' id='word_1_166' title='bbox 2375 2617 2564 2676; x_wconf 87' lang='lat' dir='ltr'><strong>insula</strong></span> <span class='ocrx_word' id='word_1_167' title='bbox 2591 2635 2727 2691; x_wconf 91' lang='lat' dir='ltr'><strong>spo-</strong></span> 
     </span>
     <span class='ocr_line' id='line_1_22' title="bbox 487 2705 2728 2791; baseline -0.001 -16"><span class='ocrx_word' id='word_1_168' title='bbox 487 2705 664 2777; x_wconf 55' lang='lat' dir='ltr'><strong>liass&#39;e</strong></span> <span class='ocrx_word' id='word_1_169' title='bbox 727 2723 956 2775; x_wconf 87' lang='lat' dir='ltr'><strong>constat</strong></span> <span class='ocrx_word' id='word_1_170' title='bbox 1017 2720 1268 2775; x_wconf 89' lang='lat' dir='ltr'><strong>statuam</strong></span> <span class='ocrx_word' id='word_1_171' title='bbox 1308 2716 1558 2775; x_wconf 88' lang='lat' dir='ltr'><strong>Philitae</strong></span> <span class='ocrx_word' id='word_1_172' title='bbox 1609 2715 2123 2791; x_wconf 84' lang='lat' dir='ltr'><strong>tyrrannicidae⁴);</strong></span> <span class='ocrx_word' id='word_1_173' title='bbox 2175 2717 2290 2774; x_wconf 88' lang='lat' dir='ltr'><strong>iam</strong></span> <span class='ocrx_word' id='word_1_174' title='bbox 2332 2720 2504 2774; x_wconf 87' lang='lat' dir='ltr'><strong>antea</strong></span> <span class='ocrx_word' id='word_1_175' title='bbox 2530 2720 2728 2774; x_wconf 88' lang='lat' dir='ltr'><strong>autem</strong></span> 
     </span>
     <span class='ocr_line' id='line_1_23' title="bbox 486 2810 2727 2887; baseline -0.001 -14"><span class='ocrx_word' id='word_1_176' title='bbox 486 2815 550 2873; x_wconf 93' lang='lat' dir='ltr'><strong>in</strong></span> <span class='ocrx_word' id='word_1_177' title='bbox 588 2814 935 2873; x_wconf 88' lang='lat' dir='ltr'><strong>Hecatomni</strong></span> <span class='ocrx_word' id='word_1_178' title='bbox 991 2814 1146 2887; x_wconf 83' lang='lat' dir='ltr'><strong>regis</strong></span> <span class='ocrx_word' id='word_1_179' title='bbox 1196 2814 1416 2886; x_wconf 88' lang='lat' dir='ltr'><strong>signum</strong></span> <span class='ocrx_word' id='word_1_180' title='bbox 1457 2813 1703 2885; x_wconf 84' lang='lat' dir='ltr'><strong>Mylasis</strong></span> <span class='ocrx_word' id='word_1_181' title='bbox 1754 2813 2005 2885; x_wconf 89' lang='lat' dir='ltr'><strong>positum</strong></span> <span class='ocrx_word' id='word_1_182' title='bbox 2048 2830 2084 2870; x_wconf 88' lang='lat' dir='ltr'><strong>a</strong></span> <span class='ocrx_word' id='word_1_183' title='bbox 2124 2813 2378 2871; x_wconf 89' lang='lat' dir='ltr'><strong>Pelarmi</strong></span> <span class='ocrx_word' id='word_1_184' title='bbox 2417 2810 2553 2871; x_wconf 89' lang='lat' dir='ltr'><strong>filiis</strong></span> <span class='ocrx_word' id='word_1_185' title='bbox 2594 2829 2727 2886; x_wconf 90' lang='lat' dir='ltr'><strong>pec-</strong></span> 
     </span>
     <span class='ocr_line' id='line_1_24' title="bbox 489 2910 2176 2972; baseline 0.001 -1"><span class='ocrx_word' id='word_1_186' title='bbox 489 2918 679 2971; x_wconf 89' lang='lat' dir='ltr'><strong>catum</strong></span> <span class='ocrx_word' id='word_1_187' title='bbox 719 2928 841 2971; x_wconf 86' lang='lat' dir='ltr'><strong>esse</strong></span> <span class='ocrx_word' id='word_1_188' title='bbox 885 2928 956 2970; x_wconf 87' lang='lat' dir='ltr'><strong>ex</strong></span> <span class='ocrx_word' id='word_1_189' title='bbox 998 2910 1060 2969; x_wconf 88' lang='lat' dir='ltr'><strong>C.</strong></span> <span class='ocrx_word' id='word_1_190' title='bbox 1104 2911 1151 2969; x_wconf 95' lang='grc' dir='ltr'><strong>Ῑ.</strong></span> <span class='ocrx_word' id='word_1_191' title='bbox 1197 2911 1266 2970; x_wconf 86' lang='lat' dir='ltr'><strong>G.</strong></span> <span class='ocrx_word' id='word_1_192' title='bbox 1310 2912 1369 2969; x_wconf 89' lang='lat' dir='ltr'>H</span> <span class='ocrx_word' id='word_1_193' title='bbox 1412 2912 1564 2970; x_wconf 88' lang='grc'>2691</span> <span class='ocrx_word' id='word_1_194' title='bbox 1591 2912 1630 2969; x_wconf 89' lang='lat' dir='ltr'><strong>d</strong></span> <span class='ocrx_word' id='word_1_195' title='bbox 1672 2911 1944 2971; x_wconf 88' lang='lat' dir='ltr'><strong>discimus</strong></span> <span class='ocrx_word' id='word_1_196' title='bbox 1984 2912 2176 2972; x_wconf 80' lang='lat' dir='ltr'><strong>titulo.</strong></span> 
     </span>
    </p>

    <p class='ocr_par' dir='ltr' id='par_1_7' title="bbox 489 3007 2732 3372">
     <span class='ocr_line' id='line_1_25' title="bbox 652 3007 2732 3082; baseline -0.001 -15"><span class='ocrx_word' id='word_1_197' title='bbox 652 3009 819 3082; x_wconf 84' lang='lat' dir='ltr'><strong>signa</strong></span> <span class='ocrx_word' id='word_1_198' title='bbox 879 3012 1073 3067; x_wconf 88' lang='lat' dir='ltr'><strong>autem</strong></span> <span class='ocrx_word' id='word_1_199' title='bbox 1135 3024 1206 3067; x_wconf 91' lang='lat' dir='ltr'><strong>ne</strong></span> <span class='ocrx_word' id='word_1_200' title='bbox 1253 3007 1363 3067; x_wconf 91' lang='lat' dir='ltr'><strong>hoc</strong></span> <span class='ocrx_word' id='word_1_201' title='bbox 1413 3008 1582 3066; x_wconf 91' lang='lat' dir='ltr'><strong>modo</strong></span> <span class='ocrx_word' id='word_1_202' title='bbox 1634 3009 2001 3067; x_wconf 90' lang='lat' dir='ltr'><strong>laederentur</strong></span> <span class='ocrx_word' id='word_1_203' title='bbox 2040 3008 2323 3081; x_wconf 91' lang='lat' dir='ltr'><strong>quomodo</strong></span> <span class='ocrx_word' id='word_1_204' title='bbox 2369 3007 2732 3080; x_wconf 87' lang='lat' dir='ltr'><strong>providerint</strong></span> 
     </span>
     <span class='ocr_line' id='line_1_26' title="bbox 489 3103 2729 3178; baseline -0.001 -14"><span class='ocrx_word' id='word_1_205' title='bbox 489 3103 704 3164; x_wconf 83' lang='lat' dir='ltr'><strong>Graeci</strong></span> <span class='ocrx_word' id='word_1_206' title='bbox 744 3106 795 3164; x_wconf 90' lang='lat' dir='ltr'><strong>si</strong></span> <span class='ocrx_word' id='word_1_207' title='bbox 836 3106 1180 3176; x_wconf 84' lang='lat' dir='ltr'><strong>quaerimus,</strong></span> <span class='ocrx_word' id='word_1_208' title='bbox 1246 3104 1481 3163; x_wconf 92' lang='lat' dir='ltr'><strong>deorum</strong></span> <span class='ocrx_word' id='word_1_209' title='bbox 1522 3105 1753 3178; x_wconf 90' lang='lat' dir='ltr'><strong>quidem</strong></span> <span class='ocrx_word' id='word_1_210' title='bbox 1795 3107 2105 3165; x_wconf 89' lang='lat' dir='ltr'><strong>simulacra</strong></span> <span class='ocrx_word' id='word_1_211' title='bbox 2148 3106 2287 3164; x_wconf 90' lang='lat' dir='ltr'><strong>deos</strong></span> <span class='ocrx_word' id='word_1_212' title='bbox 2329 3105 2483 3178; x_wconf 89' lang='lat' dir='ltr'><strong>ipsos</strong></span> <span class='ocrx_word' id='word_1_213' title='bbox 2524 3121 2729 3163; x_wconf 90' lang='lat' dir='ltr'><strong>curare</strong></span> 
     </span>
     <span class='ocr_line' id='line_1_27' title="bbox 490 3198 2726 3278; baseline -0.001 -17"><span class='ocrx_word' id='word_1_214' title='bbox 490 3208 663 3275; x_wconf 86' lang='lat' dir='ltr'><strong>atque</strong></span> <span class='ocrx_word' id='word_1_215' title='bbox 702 3203 904 3261; x_wconf 90' lang='lat' dir='ltr'><strong>ulcisci</strong></span> <span class='ocrx_word' id='word_1_216' title='bbox 946 3219 1042 3261; x_wconf 89' lang='lat' dir='ltr'><strong>eos</strong></span> <span class='ocrx_word' id='word_1_217' title='bbox 1084 3203 1183 3275; x_wconf 91' lang='lat' dir='ltr'><strong>qui</strong></span> <span class='ocrx_word' id='word_1_218' title='bbox 1222 3202 1283 3260; x_wconf 91' lang='lat' dir='ltr'><strong>in</strong></span> <span class='ocrx_word' id='word_1_219' title='bbox 1322 3203 1427 3260; x_wconf 90' lang='lat' dir='ltr'><strong>illa</strong></span> <span class='ocrx_word' id='word_1_220' title='bbox 1466 3203 1605 3274; x_wconf 91' lang='lat' dir='ltr'><strong>quid</strong></span> <span class='ocrx_word' id='word_1_221' title='bbox 1648 3204 2076 3275; x_wconf 90' lang='lat' dir='ltr'><strong>commisissent,</strong></span> <span class='ocrx_word' id='word_1_222' title='bbox 2121 3208 2470 3276; x_wconf 86' lang='lat' dir='ltr'><strong>putaverunt</strong></span> <span class='ocrx_word' id='word_1_223' title='bbox 2480 3198 2540 3278; x_wconf 80' lang='lat'><strong>⁵).</strong></span> <span class='ocrx_word' id='word_1_224' title='bbox 2609 3203 2726 3260; x_wconf 88' lang='lat' dir='ltr'><strong>iam</strong></span> 
     </span>
     <span class='ocr_line' id='line_1_28' title="bbox 490 3299 2730 3372; baseline -0.001 -14"><span class='ocrx_word' id='word_1_225' title='bbox 490 3304 666 3359; x_wconf 90' lang='lat' dir='ltr'><strong>antea</strong></span> <span class='ocrx_word' id='word_1_226' title='bbox 707 3299 1291 3368; x_wconf 77' lang='lat' dir='ltr'><strong>commemoravimuS‚</strong></span> <span class='ocrx_word' id='word_1_227' title='bbox 1335 3300 1670 3372; x_wconf 90' lang='lat' dir='ltr'><strong>Philippum</strong></span> <span class='ocrx_word' id='word_1_228' title='bbox 1698 3300 2151 3359; x_wconf 84' lang='lat' dir='ltr'><strong>semibarbarum</strong></span> <span class='ocrx_word' id='word_1_229' title='bbox 2191 3316 2264 3359; x_wconf 91' lang='lat' dir='ltr'><strong>ne</strong></span> <span class='ocrx_word' id='word_1_230' title='bbox 2304 3300 2367 3358; x_wconf 92' lang='lat' dir='ltr'><strong>in</strong></span> <span class='ocrx_word' id='word_1_231' title='bbox 2408 3299 2557 3358; x_wconf 90' lang='lat' dir='ltr'><strong>bello</strong></span> <span class='ocrx_word' id='word_1_232' title='bbox 2600 3299 2730 3370; x_wconf 81' lang='lat' dir='ltr'><strong>qui·</strong></span> 
     </span>
    </p>
   </div>
   <div class='ocr_carea' id='block_1_3' title="bbox 491 3425 915 3434">
    <p class='ocr_par' dir='ltr' id='par_1_8' title="bbox 491 3425 915 3434">
     <span class='ocr_line' id='line_1_29' title="bbox 491 3425 915 3434; baseline 0 0"><span class='ocrx_word' id='word_1_233' title='bbox 491 3425 915 3434; x_wconf 95' lang='lat' dir='ltr'><strong> </strong></span> 
     </span>
    </p>
   </div>
   <div class='ocr_carea' id='block_1_4' title="bbox 487 3479 2729 4350">
    <p class='ocr_par' dir='ltr' id='par_1_9' title="bbox 638 3479 1799 3554">
     <span class='ocr_line' id='line_1_30' title="bbox 638 3479 1799 3554; baseline 0 -16"><span class='ocrx_word' id='word_1_234' title='bbox 638 3485 679 3553; x_wconf 86' lang='lat'><strong>1)</strong></span> <span class='ocrx_word' id='word_1_235' title='bbox 718 3484 748 3552; x_wconf 68' lang='grc' dir='ltr'>ξ</span> <span class='ocrx_word' id='word_1_236' title='bbox 791 3486 889 3538; x_wconf 93' lang='grc'><strong>121</strong></span> <span class='ocrx_word' id='word_1_237' title='bbox 931 3483 1268 3554; x_wconf 89' lang='lat' dir='ltr'><strong>scholiisque</strong></span> <span class='ocrx_word' id='word_1_238' title='bbox 1305 3482 1376 3538; x_wconf 90' lang='lat' dir='ltr'><strong>ad</strong></span> <span class='ocrx_word' id='word_1_239' title='bbox 1412 3483 1562 3537; x_wconf 89' lang='lat' dir='ltr'><strong>hunc</strong></span> <span class='ocrx_word' id='word_1_240' title='bbox 1599 3479 1799 3538; x_wconf 88' lang='lat' dir='ltr'><strong>locum.</strong></span> 
     </span>
    </p>

    <p class='ocr_par' dir='ltr' id='par_1_10' title="bbox 633 3570 1544 3641">
     <span class='ocr_line' id='line_1_31' title="bbox 633 3570 1544 3641; baseline -0.001 -13"><span class='ocrx_word' id='word_1_241' title='bbox 633 3574 675 3641; x_wconf 87' lang='lat'><strong>²)</strong></span> <span class='ocrx_word' id='word_1_242' title='bbox 716 3570 1007 3628; x_wconf 84' lang='lat' dir='ltr'><strong>Overbeck</strong></span> <span class='ocrx_word' id='word_1_243' title='bbox 1045 3572 1099 3628; x_wconf 88' lang='lat' dir='ltr'><strong>S.</strong></span> <span class='ocrx_word' id='word_1_244' title='bbox 1139 3572 1204 3641; x_wconf 88' lang='lat' dir='ltr'><strong>Q.</strong></span> <span class='ocrx_word' id='word_1_245' title='bbox 1245 3572 1544 3627; x_wconf 83' lang='lat'><strong>685—687.</strong></span> 
     </span>
    </p>

    <p class='ocr_par' dir='ltr' id='par_1_11' title="bbox 634 3658 1632 3732">
     <span class='ocr_line' id='line_1_32' title="bbox 634 3658 1632 3732; baseline -0.002 -17"><span class='ocrx_word' id='word_1_246' title='bbox 634 3660 679 3732; x_wconf 79' lang='lat'><strong>³)</strong></span> <span class='ocrx_word' id='word_1_247' title='bbox 718 3659 814 3715; x_wconf 85' lang='lat' dir='ltr'><strong>cfr.</strong></span> <span class='ocrx_word' id='word_1_248' title='bbox 854 3658 1167 3716; x_wconf 87' lang='lat' dir='ltr'><strong>Cassiodor.</strong></span> <span class='ocrx_word' id='word_1_249' title='bbox 1204 3676 1319 3718; x_wconf 84' lang='lat' dir='ltr'><strong>var.</strong></span> <span class='ocrx_word' id='word_1_250' title='bbox 1357 3658 1509 3730; x_wconf 87' lang='lat' dir='ltr'>VIII,</span> <span class='ocrx_word' id='word_1_251' title='bbox 1550 3661 1632 3714; x_wconf 87' lang='lat'><strong>13.</strong></span> 
     </span>
    </p>

    <p class='ocr_par' dir='ltr' id='par_1_12' title="bbox 634 3747 2403 3820">
     <span class='ocr_line' id='line_1_33' title="bbox 634 3747 2403 3820; baseline 0.001 -17"><span class='ocrx_word' id='word_1_252' title='bbox 634 3748 677 3817; x_wconf 83' lang='lat'><strong>⁴)</strong></span> <span class='ocrx_word' id='word_1_253' title='bbox 716 3748 824 3805; x_wconf 87' lang='lat' dir='ltr'><strong>vid.</strong></span> <span class='ocrx_word' id='word_1_254' title='bbox 862 3747 1167 3804; x_wconf 86' lang='lat' dir='ltr'><strong>Kirchhoff.</strong></span> <span class='ocrx_word' id='word_1_255' title='bbox 1223 3749 1283 3804; x_wconf 93' lang='lat' dir='ltr'><strong>in</strong></span> <span class='ocrx_word' id='word_1_256' title='bbox 1320 3751 1445 3804; x_wconf 87' lang='lat' dir='ltr'><strong>acta</strong></span> <span class='ocrx_word' id='word_1_257' title='bbox 1479 3765 1553 3803; x_wconf 91' lang='lat' dir='ltr'><strong>m.</strong></span> <span class='ocrx_word' id='word_1_258' title='bbox 1591 3749 1746 3805; x_wconf 88' lang='lat' dir='ltr'><strong>acad.</strong></span> <span class='ocrx_word' id='word_1_259' title='bbox 1783 3748 1968 3808; x_wconf 91' lang='lat' dir='ltr'><strong>Berol.</strong></span> <span class='ocrx_word' id='word_1_260' title='bbox 2013 3751 2150 3805; x_wconf 79' lang='lat'>1863</span> <span class='ocrx_word' id='word_1_261' title='bbox 2186 3766 2241 3820; x_wconf 90' lang='lat' dir='ltr'><strong>p.</strong></span> <span class='ocrx_word' id='word_1_262' title='bbox 2282 3751 2403 3805; x_wconf 84' lang='grc'>265.</span> 
     </span>
    </p>

    <p class='ocr_par' dir='ltr' id='par_1_13' title="bbox 487 3836 2729 4350">
     <span class='ocr_line' id='line_1_34' title="bbox 635 3836 2725 3910; baseline 0.001 -19"><span class='ocrx_word' id='word_1_263' title='bbox 635 3837 675 3903; x_wconf 82' lang='lat'><strong>⁵)</strong></span> <span class='ocrx_word' id='word_1_264' title='bbox 710 3837 1008 3892; x_wconf 88' lang='lat' dir='ltr'><strong>simulacra</strong></span> <span class='ocrx_word' id='word_1_265' title='bbox 1040 3836 1206 3892; x_wconf 88' lang='lat' dir='ltr'><strong>modo</strong></span> <span class='ocrx_word' id='word_1_266' title='bbox 1246 3837 1446 3892; x_wconf 84' lang='lat' dir='ltr'><strong>eximie</strong></span> <span class='ocrx_word' id='word_1_267' title='bbox 1484 3853 1644 3892; x_wconf 88' lang='lat' dir='ltr'><strong>sacra</strong></span> <span class='ocrx_word' id='word_1_268' title='bbox 1680 3838 1817 3892; x_wconf 90' lang='lat' dir='ltr'><strong>locis</strong></span> <span class='ocrx_word' id='word_1_269' title='bbox 1849 3838 2047 3908; x_wconf 91' lang='lat' dir='ltr'><strong>reponi</strong></span> <span class='ocrx_word' id='word_1_270' title='bbox 2073 3838 2345 3907; x_wconf 88' lang='lat' dir='ltr'><strong>solebant,</strong></span> <span class='ocrx_word' id='word_1_271' title='bbox 2384 3853 2527 3908; x_wconf 89' lang='lat' dir='ltr'><strong>quae</strong></span> <span class='ocrx_word' id='word_1_272' title='bbox 2554 3854 2725 3910; x_wconf 88' lang='lat' dir='ltr'><strong>saepe</strong></span> 
     </span>
     <span class='ocr_line' id='line_1_35' title="bbox 487 3924 2727 3997; baseline 0.001 -18"><span class='ocrx_word' id='word_1_273' title='bbox 487 3942 604 3980; x_wconf 87' lang='lat' dir='ltr'><strong>non</strong></span> <span class='ocrx_word' id='word_1_274' title='bbox 646 3924 812 3980; x_wconf 90' lang='lat' dir='ltr'><strong>modo</strong></span> <span class='ocrx_word' id='word_1_275' title='bbox 852 3940 973 3980; x_wconf 80' lang='lat' dir='ltr'><strong>‘non</strong></span> <span class='ocrx_word' id='word_1_276' title='bbox 1017 3925 1228 3995; x_wconf 87' lang='lat' dir='ltr'><strong>populo</strong></span> <span class='ocrx_word' id='word_1_277' title='bbox 1266 3924 1365 3980; x_wconf 88' lang='lat' dir='ltr'><strong>sed</strong></span> <span class='ocrx_word' id='word_1_278' title='bbox 1400 3942 1473 3980; x_wconf 93' lang='lat' dir='ltr'><strong>ne</strong></span> <span class='ocrx_word' id='word_1_279' title='bbox 1519 3924 1902 3980; x_wconf 88' lang='lat' dir='ltr'><strong>sacerdotibus</strong></span> <span class='ocrx_word' id='word_1_280' title='bbox 1943 3925 2167 3997; x_wconf 90' lang='lat' dir='ltr'><strong>quidem</strong></span> <span class='ocrx_word' id='word_1_281' title='bbox 2203 3926 2479 3980; x_wconf 85' lang='lat' dir='ltr'><strong>universis</strong></span> <span class='ocrx_word' id='word_1_282' title='bbox 2514 3927 2727 3981; x_wconf 89' lang='lat' dir='ltr'><strong>intrare</strong></span> 
     </span>
     <span class='ocr_line' id='line_1_36' title="bbox 489 4012 2725 4086; baseline 0.001 -18"><span class='ocrx_word' id='word_1_283' title='bbox 489 4013 575 4068; x_wconf 88' lang='lat' dir='ltr'><strong>fas</strong></span> <span class='ocrx_word' id='word_1_284' title='bbox 616 4016 758 4082; x_wconf 83' lang='lat' dir='ltr'><strong>erat3</strong></span> <span class='ocrx_word' id='word_1_285' title='bbox 799 4013 896 4071; x_wconf 89' lang='lat' dir='ltr'><strong>cfr.</strong></span> <span class='ocrx_word' id='word_1_286' title='bbox 935 4012 1099 4073; x_wconf 80' lang='lat' dir='ltr'><strong>Paus,</strong></span> <span class='ocrx_word' id='word_1_287' title='bbox 1137 4012 1193 4067; x_wconf 90' lang='lat' dir='ltr'><strong>H</strong></span> <span class='ocrx_word' id='word_1_288' title='bbox 1235 4016 1318 4085; x_wconf 88' lang='lat'><strong>10,</strong></span> <span class='ocrx_word' id='word_1_289' title='bbox 1354 4016 1477 4069; x_wconf 85' lang='lat'><strong>4—</strong></span> <span class='ocrx_word' id='word_1_290' title='bbox 1516 4014 1604 4083; x_wconf 85' lang='lat'><strong>35,</strong></span> <span class='ocrx_word' id='word_1_291' title='bbox 1647 4018 1708 4069; x_wconf 89' lang='lat' dir='ltr'><strong>ll</strong></span> <span class='ocrx_word' id='word_1_292' title='bbox 1732 4045 1799 4053; x_wconf 94' lang='lat'>—</span> <span class='ocrx_word' id='word_1_293' title='bbox 1836 4013 1922 4069; x_wconf 94' lang='lat' dir='ltr'><strong>III</strong></span> <span class='ocrx_word' id='word_1_294' title='bbox 1951 4017 2035 4085; x_wconf 86' lang='lat'><strong>14,</strong></span> <span class='ocrx_word' id='word_1_295' title='bbox 2071 4018 2106 4069; x_wconf 87' lang='lat'>4</span> <span class='ocrx_word' id='word_1_296' title='bbox 2129 4045 2196 4056; x_wconf 96' lang='lat'><strong>—</strong></span> <span class='ocrx_word' id='word_1_297' title='bbox 2234 4016 2320 4083; x_wconf 88' lang='grc'><strong>20,</strong></span> <span class='ocrx_word' id='word_1_298' title='bbox 2346 4016 2469 4070; x_wconf 87' lang='grc'><strong>3-</strong></span> <span class='ocrx_word' id='word_1_299' title='bbox 2506 4014 2611 4069; x_wconf 90' lang='lat' dir='ltr'><strong>VH</strong></span> <span class='ocrx_word' id='word_1_300' title='bbox 2637 4017 2725 4086; x_wconf 84' lang='grc'><strong>23,</strong></span> 
     </span>
     <span class='ocr_line' id='line_1_37' title="bbox 492 4101 2729 4174; baseline 0.001 -18"><span class='ocrx_word' id='word_1_301' title='bbox 492 4104 524 4156; x_wconf 92' lang='grc'><strong>9</strong></span> <span class='ocrx_word' id='word_1_302' title='bbox 546 4132 613 4141; x_wconf 95' lang='grc'>-</span> <span class='ocrx_word' id='word_1_303' title='bbox 651 4101 729 4157; x_wconf 90' lang='grc' dir='ltr'><strong>ΙΧ</strong></span> <span class='ocrx_word' id='word_1_304' title='bbox 765 4104 853 4173; x_wconf 86' lang='grc'><strong>38,</strong></span> <span class='ocrx_word' id='word_1_305' title='bbox 892 4105 923 4157; x_wconf 86' lang='grc'><strong>9</strong></span> <span class='ocrx_word' id='word_1_306' title='bbox 945 4132 1012 4142; x_wconf 91' lang='grc'>-</span> <span class='ocrx_word' id='word_1_307' title='bbox 1048 4102 1278 4158; x_wconf 86' lang='lat' dir='ltr'><strong>Lucian.</strong></span> <span class='ocrx_word' id='word_1_308' title='bbox 1317 4101 1386 4157; x_wconf 88' lang='lat' dir='ltr'><strong>de</strong></span> <span class='ocrx_word' id='word_1_309' title='bbox 1424 4101 1529 4157; x_wconf 88' lang='lat' dir='ltr'><strong>dea</strong></span> <span class='ocrx_word' id='word_1_310' title='bbox 1566 4101 1687 4172; x_wconf 82' lang='lat' dir='ltr'><strong>Syr.</strong></span> <span class='ocrx_word' id='word_1_311' title='bbox 1727 4104 1812 4158; x_wconf 88' lang='lat'><strong>31.</strong></span> <span class='ocrx_word' id='word_1_312' title='bbox 1877 4104 2014 4173; x_wconf 84' lang='lat' dir='ltr'><strong>quin</strong></span> <span class='ocrx_word' id='word_1_313' title='bbox 2052 4104 2220 4158; x_wconf 86' lang='lat' dir='ltr'><strong>etiam</strong></span> <span class='ocrx_word' id='word_1_314' title='bbox 2256 4103 2417 4172; x_wconf 85' lang='lat' dir='ltr'><strong>signa</strong></span> <span class='ocrx_word' id='word_1_315' title='bbox 2453 4103 2729 4174; x_wconf 84' lang='lat' dir='ltr'><strong>quaedam</strong></span> 
     </span>
     <span class='ocr_line' id='line_1_38' title="bbox 490 4190 2729 4262; baseline 0.001 -17"><span class='ocrx_word' id='word_1_316' title='bbox 490 4190 583 4245; x_wconf 84' lang='lat' dir='ltr'><strong>vel</strong></span> <span class='ocrx_word' id='word_1_317' title='bbox 615 4191 677 4245; x_wconf 91' lang='lat' dir='ltr'><strong>in</strong></span> <span class='ocrx_word' id='word_1_318' title='bbox 713 4190 895 4261; x_wconf 77' lang='lat' dir='ltr'><strong>adyfis</strong></span> <span class='ocrx_word' id='word_1_319' title='bbox 922 4192 1240 4245; x_wconf 85' lang='lat' dir='ltr'><strong>conservari</strong></span> <span class='ocrx_word' id='word_1_320' title='bbox 1264 4190 1537 4262; x_wconf 85' lang='lat' dir='ltr'><strong>solebant,</strong></span> <span class='ocrx_word' id='word_1_321' title='bbox 1574 4206 1700 4245; x_wconf 90' lang='lat' dir='ltr'><strong>cum</strong></span> <span class='ocrx_word' id='word_1_322' title='bbox 1722 4192 1782 4246; x_wconf 94' lang='lat' dir='ltr'><strong>in</strong></span> <span class='ocrx_word' id='word_1_323' title='bbox 1804 4191 2003 4262; x_wconf 90' lang='lat' dir='ltr'><strong>templi</strong></span> <span class='ocrx_word' id='word_1_324' title='bbox 2027 4190 2168 4246; x_wconf 90' lang='lat' dir='ltr'><strong>cella</strong></span> <span class='ocrx_word' id='word_1_325' title='bbox 2193 4192 2345 4247; x_wconf 91' lang='lat' dir='ltr'><strong>aliud</strong></span> <span class='ocrx_word' id='word_1_326' title='bbox 2369 4192 2729 4247; x_wconf 88' lang='lat' dir='ltr'><strong>simulacrum</strong></span> 
     </span>
     <span class='ocr_line' id='line_1_39' title="bbox 493 4278 1931 4350; baseline 0.002 -17"><span class='ocrx_word' id='word_1_327' title='bbox 493 4281 880 4334; x_wconf 88' lang='lat' dir='ltr'><strong>consecratum</strong></span> <span class='ocrx_word' id='word_1_328' title='bbox 917 4281 1181 4349; x_wconf 83' lang='lat' dir='ltr'><strong>exstaret,</strong></span> <span class='ocrx_word' id='word_1_329' title='bbox 1218 4278 1284 4335; x_wconf 88' lang='lat' dir='ltr'><strong>cf.</strong></span> <span class='ocrx_word' id='word_1_330' title='bbox 1321 4279 1470 4338; x_wconf 72' lang='lat' dir='ltr'><strong>Bott.</strong></span> <span class='ocrx_word' id='word_1_331' title='bbox 1509 4279 1649 4338; x_wconf 83' lang='lat' dir='ltr'><strong>tekt.</strong></span> <span class='ocrx_word' id='word_1_332' title='bbox 1687 4280 1717 4348; x_wconf 68' lang='grc' dir='ltr'>ξ</span> <span class='ocrx_word' id='word_1_333' title='bbox 1758 4282 1844 4350; x_wconf 85' lang='grc'><strong>64,</strong></span> <span class='ocrx_word' id='word_1_334' title='bbox 1882 4282 1931 4336; x_wconf 84' lang='grc'><strong>5.</strong></span> 
     </span>
    </p>
   </div>
  </div>
 </body>
</html>
