3226 5078
1377 551 1765 615 ..5-

457 746 833 819 videnturque
874 747 928 805 ei
967 747 1300 819 plerumque
1327 744 1538 803 artifici
1566 761 1710 818 opus
1738 742 2148 804 elaborandum
2185 741 2536 814 conduxisse,
2578 741 2676 814 qui

457 844 672 917 optime
732 850 793 903 et
850 845 1124 905 vilissimo
1185 845 1375 919 pretio
1435 861 1498 904 se
1556 845 1619 903 id
1669 843 2002 905 effecturum
2056 859 2179 902 esse
2234 834 2674 916 polliceretur¹).

454 945 703 1001 statuam
743 941 947 1001 deinde
986 941 1060 1001 ab
1087 939 1311 1000 artifice
1350 940 1664 1014 perfectam
1692 945 1985 1000 curatores
2012 940 2413 1014 inspexerunt3
2458 937 2508 996 si
2535 952 2675 1009 pro-

454 1038 591 1097 bata
630 1043 734 1110 est,
776 1039 1026 1113 pretium
1066 1044 1239 1098 antea
1279 1039 1652 1098 constitutum
1692 1039 2011 1103 solverunt;
2055 1042 2115 1096 et
2153 1043 2276 1094 tum
2310 1039 2411 1094 aut
2438 1035 2509 1093 ab
2537 1032 2676 1091 arti-

453 1135 561 1195 fice
619 1134 865 1195 fortasse
922 1136 1046 1209 ipso
1106 1139 1210 1193 aut
1270 1134 1343 1193 ab
1391 1134 1713 1193 hominibus
1761 1133 1837 1192 ad
1885 1134 1995 1192 hoc
2036 1131 2326 1191 conductis
2338 1129 2385 1200 ¹)
2425 1136 2676 1190 statuam

455 1234 765 1293 constituto
804 1233 931 1292 loco
970 1233 1107 1306 poni
1147 1237 1507 1292 curaverunt.
1582 1233 1845 1306 jocosum
1884 1246 2120 1304 prorsus
2162 1236 2224 1289 et
2248 1228 2541 1302 singulare
2568 1232 2674 1300 est,

455 1330 606 1403 quod
646 1330 799 1403 apud
837 1329 1180 1388 Pausaniam
1220 1330 1319 1398 VI,
1367 1332 1457 1401 14,
1523 1330 1559 1388 2
1602 1330 1673 1389 de
1711 1329 1929 1388 Milone
1976 1328 2216 1403 legimus
2256 1327 2491 1399 athleta,
2556 1326 2674 1399 qui,

453 1432 520 1485 ut
570 1428 827 1501 corporis
875 1427 963 1487 sui
1013 1428 1190 1486 robur
1228 1432 1502 1500 quantum
1543 1432 1707 1499 esset,
1763 1427 2179 1486 demonstraret
2195 1470 2210 1498 ,
2276 1429 2525 1483 statuam
2567 1422 2677 1482 sibi

454 1523 744 1583 decretam
784 1524 995 1583 umeris
1033 1525 1306 1597 imposuit
1345 1525 1612 1598 nulloque
1655 1524 1770 1584 alio
1812 1524 2179 1584 subveniente
2220 1524 2283 1581 in
2322 1522 2505 1580 Altim
2551 1522 2675 1594 ipse

455 1622 730 1694 portavit.

612 1723 902 1778 curatores
943 1720 1081 1792 quin
1119 1736 1224 1793 pro
1252 1737 1487 1779 munere
1523 1721 1618 1780 cui
1657 1726 1967 1793 praeerant
2005 1721 2273 1794 pecunias
2314 1736 2351 1777 a
2377 1718 2675 1791 republica

451 1832 737 1889 nunquam
776 1817 1122 1890 acceperint,
1166 1816 1430 1876 dubitare
1458 1835 1571 1876 non
1597 1819 1765 1877 licetz
1808 1819 1917 1878 hoc
1959 1818 2109 1878 enim
2148 1833 2264 1876 non
2294 1817 2522 1889 factum,
2551 1833 2678 1876 esse

449 1915 544 1974 vel
588 1915 722 1974 inde
763 1931 1053 1988 apparere·
1083 1915 1249 1975 nobis
1289 1916 1531 1985 videtur,
1575 1918 1730 1989 quod
1769 1918 2108 1991 plerumque
2151 1916 2224 1975 ad
2249 1916 2403 1974 viros
2444 1914 2678 1974 summis

451 2012 512 2070 in
551 2013 848 2085 republica
884 2013 1214 2071 muneribus
1240 2010 1540 2087 fungentes
1566 2014 1712 2073 haec
1753 2031 1899 2074 cura
1936 2014 2094 2074 velut
2120 2014 2305 2073 honor
2334 2012 2529 2072 delata
2570 2016 2676 2072 est.

452 2114 709 2181 sumptus
738 2114 931 2170 autem
957 2109 1033 2169 ad
1058 2110 1276 2184 signum
1304 2116 1365 2169 et
1382 2110 1796 2184 perficiendum
1823 2117 1884 2170 et
1904 2111 2300 2171 collocandum
2326 2110 2679 2169 necessarios

449 2204 771 2278 respublica
797 2207 982 2266 solvit.
1014 2223 1155 2280 quas
1174 2208 1444 2281 pecunias
1473 2208 1839 2269 curatoribus
1864 2208 2233 2282 magistratus
2261 2208 2679 2266 distribuerunt

451 2305 676 2363 aerario
729 2305 1062 2378 praepositi,
1125 2306 1285 2365 velut
1323 2312 1657 2379 quaestores
1698 2307 1762 2367 O.
1810 2307 1857 2367 I.
1903 2306 1971 2366 G.
2016 2308 2044 2364 I
2090 2305 2680 2367 100—108—120—

452 2401 633 2475 Rang.
668 2402 863 2462 689-
893 2401 944 2460 οἱ
970 2401 1058 2459 ἐπὶ
1082 2403 1155 2481 τῇ
1184 2402 1437 2480 διοικήσει
1464 2403 1529 2463 O.
1556 2405 1602 2464 I.
1636 2404 1706 2463 G.
1733 2405 1763 2462 I
1796 2404 2383 2462 107—112-113-
2429 2399 2495 2461 C.
2523 2400 2572 2459 I.
2602 2401 2672 2459 A.

448 2497 508 2557 H
549 2499 866 2559 309--316
909 2529 982 2542 —·-
1028 2499 1313 2578 στρατηγοὶ
1353 2499 1403 2560 οἱ
1444 2498 1705 2580 ἄρχοντες
1744 2503 1884 2560 Rev.
1920 2500 2069 2564 1865
2100 2516 2157 2574 p.
2191 2501 2305 2559 300
2333 2498 2569 2577 (Rhodi)
2598 2531 2675 2542 —

451 2593 740 2672 ἐξεταστὴς
781 2595 874 2656 καὶ
898 2595 1239 2677 τριττῦαρχοι
1279 2598 1374 2676 (de
1402 2599 1606 2671 quibus
1631 2600 1750 2661 vid.
1781 2599 2006 2659 Gilbert
2030 2599 2071 2659 l.
2101 2599 2140 2658 l.
2168 2615 2226 2671 p.
2256 2596 2401 2672 238)
2430 2596 2494 2658 C.
2522 2598 2567 2657 I.
2596 2596 2674 2656 A.

449 2692 512 2750 H
552 2693 669 2751 300
713 2726 786 2736 —-
828 2695 1017 2768 Rang.
1061 2695 1218 2755 2298
1261 2728 1334 2738 —
1379 2701 1512 2755 acta
1558 2713 1635 2757 m.
1676 2697 1855 2758 Acad.
1897 2697 2088 2755 Berol.
2145 2695 2299 2755 1863
2339 2711 2394 2768 p.
2438 2695 2555 2754 265
2600 2726 2673 2738 -·

453 2794 555 2847 aut
595 2790 693 2863 qui
732 2791 793 2849 in
835 2809 1057 2866 quaque
1094 2794 1333 2853 civitate
1357 2796 1612 2868 pecuniis
1639 2794 1884 2869 publicis
1909 2794 2303 2868 providebant.
2385 2798 2678 2852 curatores

450 2888 584 2947 inde
634 2888 844 2948 artifici
892 2891 1142 2964 pretium
1191 2891 1264 2952 de
1309 2908 1421 2965 quo
1464 2909 1591 2951 cum
1632 2910 1700 2952 eo
1743 2897 2144 2964 convenerant,
2187 2892 2506 2964 solverunt;
2565 2889 2676 2948 hoc

451 2990 641 3050 autem
678 2987 780 3060 qui
818 2985 1074 3058 fecerint,
1128 3004 1243 3047 non
1283 2990 1427 3049 satis
1466 2995 1709 3050 constat.
1751 2991 2086 3064 plerumque
2125 3006 2261 3049 vero
2302 2990 2367 3048 in
2406 2988 2679 3062 operibus

451 3084 696 3156 publicis
735 3084 887 3142 hunc
927 3101 1144 3145 morem
1185 3086 1505 3146 adhibitum
1545 3104 1671 3147 esse
1697 3087 2001 3147 discimus.
2055 3087 2277 3146 decima
2324 3102 2460 3160 pars
2500 3085 2675 3159 pretii

451 3182 748 3241 constituti
787 3184 1046 3243 cautelae
1084 3185 1211 3244 loco
1253 3201 1290 3244 a
1329 3191 1594 3245 curatore
1633 3190 1862 3245 retenta
1902 3190 2016 3258 est3
2057 3186 2315 3258 reliquae
2352 3187 2542 3242 autem
2568 3198 2673 3255 pe-

451 3279 653 3337 cuniae
705 3278 1004 3338 dimidium
1053 3282 1250 3340 statim
1312 3298 1383 3340 ex
1442 3282 1728 3340 locatione
1789 3280 1999 3341 artifici
2058 3282 2322 3355 solutum,
2385 3280 2676 3354 quadrans

452 3374 656 3433 deinde
695 3378 871 3436 tertia
910 3379 1102 3450 operis
1151 3384 1314 3452 parte
1361 3379 1645 3454 perfecta3
1707 3381 1859 3454 quod
1907 3380 2178 3449 restabat,
2241 3379 2477 3452 accepit,
2543 3393 2672 3435 cum

450 3471 624 3530 aliam
664 3473 854 3544 operis
891 3474 1123 3533 tertiam
1163 3480 1387 3547 partem
1436 3477 1741 3550 exegisset:
1809 3478 2029 3537 decima
2089 3477 2329 3549 denique
2388 3476 2489 3535 illa
2537 3491 2674 3548 pars

447 3575 572 3627 tum
636 3569 861 3629 demum
922 3571 976 3630 ei
1037 3573 1298 3646 contigit,
1361 3590 1489 3632 cum
1549 3591 1694 3648 opus
1751 3590 1985 3648 prorsus
2041 3574 2365 3633 absolutum
2412 3576 2584 3645 atque
2636 3588 2673 3631 a

449 3671 717 3726 curatore
776 3669 1079 3741 probatum
1129 3674 1296 3730 esset.
1307 3668 1350 3737 ⁸)
1411 3671 1671 3746 singulae
1720 3671 1896 3745 pretii
1934 3676 2129 3745 partes
2168 3687 2304 3729 num
2343 3685 2567 3744 semper
2604 3674 2673 3728 ut

591 3818 636 3886 ¹)
666 3815 813 3873 Plut.
845 3832 983 3873 mor.
1022 3818 1129 3873 498
1162 3817 1212 3873 Ε
1249 3846 1317 3858 -
1352 3817 1557 3877 Friedl.
1595 3819 1820 3891 sitteng.
1855 3819 1942 3876 111
1979 3820 2103 3877 257.
2140 3821 2252 3876 not.
2292 3823 2342 3875 1.

451 3992 465 4006 ἢ
573 3904 633 4010 ⁸²)
673 3905 734 4010 q
770 3905 817 3963 Ι.
861 3907 932 3963 Α.
986 3906 1015 3963 Ι
1051 3907 1182 3963 319:
1241 3905 1424 3981 μισθὸς
1472 3907 1804 3983 ἐσαγαγόντ[ι]
1851 3906 1926 3962 τὼ
1974 3906 2273 3983 [ᾶγ]α’λμ.ατε
2309 3899 2394 3961 καὶ
2428 3909 2671 3981 στήσαντι

448 4012 498 4045 εν
535 4010 565 4045 τ
641 4012 694 4046 νε

565 4014 636 4152 ῳ’)
667 4015 781 4140 vipd.
814 4081 1052 4140 Darcstc
1097 4085 1361 4141 annuairc
1406 4085 1503 4156 XI,
1555 4102 1611 4157 p.
1673 4088 1863 4144 109—
1899 4085 2189 4144 Fabricius
2235 4084 2306 4142 de
2350 4085 2547 4142 archit.
2585 4101 2669 4157 gr.

446 4167 633 4224 Berol.
672 4169 807 4225 1881
851 4184 907 4240 p.
942 4170 1030 4226 27.
1075 4187 1218 4242 quae
1254 4172 1367 4228 alia
1402 4172 1475 4228 ad
1511 4176 1797 4231 curatores
1833 4175 2113 4246 pertinent
2148 4192 2183 4231 a
2216 4190 2307 4231 me
2343 4174 2565 4244 omissa,
2608 4174 2670 4230 in

444 4256 610 4312 huius
645 4257 893 4328 opusculi
926 4262 1083 4329 parte
1117 4258 1173 4316 11
1194 4261 1504 4319 videantur.
