3226 5078
1367 554 1795 617 -15-

463 753 572 812 soli
600 734 603 737 ¹
631 751 751 812 sed·
792 767 906 809 una
964 749 1130 809 modo
1193 765 1321 808 cum
1381 748 1511 808 aliis
1569 748 2000 822 magistratibus
2065 747 2228 823 fungi
2285 748 2395 807 hoc
2454 765 2688 809 munere

462 851 697 919 soleant,
741 848 1013 921 pecunias
1052 846 1221 905 modo
1263 845 1616 913 necessarias
1658 845 1926 907 tribuisse
1964 846 2248 906 videntur.

620 947 744 1006 sola
806 947 867 1005 in
915 943 1321 1017 Philadelpbia
1379 941 1523 1001 urbe
1583 957 1894 1002 oeconomus
1953 944 2110 1004 urbis
2194 949 2681 1016 commemoratur,

455 1046 555 1119 qui
597 1044 805 1104 statuis
848 1041 1196 1103 consuluerit
1235 1038 1599 1113 perficiendis
1641 1039 1823 1115 (Bull.
1864 1041 1897 1099 Ι
1939 1042 2031 1113 84,
2081 1043 2155 1100 14
2187 1074 2261 1084 -
2303 1063 2462 1117 μουσ.
2509 1044 2680 1113 1875,

465 1145 611 1217 130,
675 1144 803 1221 48).
887 1141 1132 1214 denique
1212 1142 1595 1215 argyrotamias
1659 1142 1770 1213 qui
1829 1147 2071 1201 vocatur
2131 1141 2359 1201 silentio
2419 1158 2534 1201 non
2594 1146 2684 1202 est

456 1240 909 1316 praetereundus
923 1284 937 1311 ,
1000 1240 1098 1313 qui
1146 1239 1206 1296 in
1258 1239 1477 1299 duabus
1525 1241 1695 1300 modo
1736 1239 2176 1314 Apameensium
2218 1239 2680 1312 inscriptionibus

453 1342 689 1398 curator
727 1342 1048 1396 statuarum
1087 1336 1265 1396 fuisse
1303 1338 1523 1410 legitur
1563 1337 1655 1413 (O.
1698 1340 1743 1398 I.
1791 1339 1858 1398 G.
1903 1338 1993 1396 ΠΙ
2034 1337 2478 1413 3958—3959).

526 1492 529 1495 ,
613 1435 933 1508 singulares
972 1434 1063 1492 his
1103 1439 1219 1495 tres
1259 1435 1617 1510 adiungimus
1655 1436 1872 1495 tituloS.
1943 1436 2160 1508 primus
2201 1435 2428 1508 quidem
2476 1435 2679 1494 Phila-

453 1533 742 1607 delphiam
803 1548 980 1607 prope
1039 1531 1238 1591 urbem
1288 1537 1551 1605 repertus
1604 1537 1694 1593 est
1735 1532 1905 1610 (Leb.
1946 1532 2037 1591 ΠΙ
2082 1531 2286 1607 1669),
2350 1532 2499 1592 unde
2558 1537 2676 1592 tres

453 1633 757 1691 comarchas
820 1634 1044 1690 statuae
1097 1631 1445 1691 consuluisse
1485 1630 1855 1691 collocandae
1875 1622 2192 1691 discimus:
2237 1630 2527 1690 decretum
2554 1631 2676 1691 sine

453 1729 626 1789 dubio
667 1729 778 1788 vici
820 1728 1111 1787 cuiusdam
1150 1728 1212 1787 in
1250 1729 1359 1787 hac
1399 1730 1631 1802 regione
1672 1729 1795 1800 siti,
1860 1745 1929 1788 ex
1990 1745 2101 1800 quo
2151 1729 2226 1786 ad
2275 1744 2520 1789 summos
2559 1728 2677 1787 vici

450 1827 818 1900 magistratus
878 1826 988 1885 hoc
1048 1842 1250 1884 munus
1312 1826 1564 1885 delatum
1606 1824 1763 1902 est.¹)
1846 1827 1999 1884 alter
2040 1830 2231 1884 autem
2269 1824 2538 1899 Pergami
2578 1842 2676 1884 ex-

450 1925 604 1983 stitit
642 1924 845 1983 titulus
886 1923 1074 1999 (μουσ.
1109 1924 1278 1995 1876,
1327 1924 1420 1995 24,
1468 1921 1628 1999 115),
1673 1940 1742 1983 ex
1783 1938 1894 1995 quo
1939 1923 2281 1981 chiliarcham
2319 1923 2380 1981 in
2406 1922 2673 1996 Aegypto

452 2022 748 2095 provincia
805 2021 914 2079 hoc
978 2018 1226 2078 officium
1287 2024 1616 2079 exsecutum
1666 2036 1789 2079 esse
1839 2020 2232 2092 comperimus.
2319 2036 2444 2078 cum
2487 2024 2680 2078 autem

448 2117 871 2196 ἐπιμεληθέντος
931 2117 1268 2178 vocabulum
1330 2135 1399 2178 ex
1463 2119 1791 2178 coniectura
1849 2119 2017 2176 modo
2057 2117 2260 2176 Earini
2313 2117 2550 2176 editoris
2598 2118 2677 2176 sit

449 2217 700 2289 positum
755 2222 815 2275 et
873 2217 969 2275 vix
1032 2215 1303 2275 credibile
1362 2216 1644 2290 videatur,
1710 2216 2085 2274 chiliarcham
2135 2215 2194 2272 in
2233 2213 2507 2290 Aegypto
2548 2230 2678 2288 pro-

446 2313 638 2373 vincia
677 2320 904 2372 statuae
945 2313 1210 2386 Pergami
1251 2314 1554 2387 erigendae
1594 2314 1926 2387 providisse,
1979 2313 2126 2372 alius
2167 2313 2256 2371 rei
2297 2329 2471 2372 causa
2511 2313 2673 2371 chili-

369 2411 373 2415 ’
443 2410 678 2470 archam
718 2412 827 2469 hoc
867 2412 995 2470 loco
1037 2416 1534 2470 commemoratum
1577 2428 1701 2471 esse
1741 2412 2079 2485 putaverim.
2163 2411 2370 2470 tertius
2431 2411 2672 2483 denique

442 2509 665 2580 titulus,
709 2510 808 2582 qui
845 2509 908 2567 in
947 2509 1087 2569 Leb.
1132 2509 1223 2568 ΠΙ
1264 2510 1378 2569 147
1392 2526 1427 2569 a
1465 2510 1693 2584 legitur,
1735 2509 1952 2583 Ephesi
1990 2514 2256 2582 repertus
2297 2513 2404 2569 est.
2485 2508 2676 2587 agitur

442 2613 633 2666 autem
676 2608 739 2665 in
779 2623 847 2666 eo
892 2608 964 2666 de
1003 2613 1197 2666 statua
1235 2608 1306 2668 L.
1351 2610 1643 2681 Torquato
1684 2608 1859 2668 Asiae
1910 2610 2105 2681 legato
2157 2624 2193 2666 a
2233 2613 2432 2667 senatu
2492 2624 2671 2681 popu-

440 2704 614 2776 loque
675 2705 922 2776 decreta‚
987 2720 1159 2776 quam
1207 2705 1493 2766 Antonius
1554 2705 1786 2778 quidam
1841 2705 2159 2776 Hierocles,
2224 2705 2294 2764 de
2356 2721 2468 2778 quo
2528 2706 2672 2764 nihil

441 2800 690 2874 additur,
746 2806 804 2859 et
842 2800 1153 2875 Pompeius
1192 2800 1491 2872 AelianuS,
1535 2805 1634 2876 qui
1675 2802 2089 2882 εἰρηνοὶρχης
2129 2807 2383 2876 vocatur,
2449 2802 2518 2863 dc
2567 2820 2673 2863 sua

439 2898 685 2971 pecunia
713 2898 1003 2957 solverant
1031 2904 1092 2957 et
1132 2899 1254 2959 sine
1297 2899 1468 2959 dubio
1508 2900 1830 2973 ponendam
1873 2901 2045 2959 etiam
2088 2905 2445 2962 curaverant.
2502 2917 2671 2974 quem

438 2995 797 3055 irenarcham
859 2994 1124 3068 publicae
1185 2996 1316 3069 paci
1369 3001 1540 3068 atque
1590 2998 1768 3069 quieti
1818 2998 2125 3071 providere
2175 2999 2499 3072 oportebat,
2559 3015 2669 3072 quo

435 3109 673 3152 munere
711 3090 955 3151 Athenis
997 3090 1417 3170 εἰρηνοφύλακες
1456 3092 1870 3167 fungebantur:
1912 3096 2008 3154 hic
2047 3095 2229 3169 igitur
2269 3113 2492 3169 quoque
2532 3097 2670 3169 quin

436 3190 500 3248 in
541 3206 889 3249 summorum
927 3190 1369 3264 magistratuum
1419 3174 1654 3250 numero
1704 3191 2033 3252 referendus
2083 3193 2182 3266 sit,
2248 3192 2482 3253 dubium
2543 3210 2667 3253 esse

438 3302 552 3345 non
589 3292 798 3361 potest.

599 3383 661 3441 in
699 3384 1163 3458 inscriptionibus
1203 3385 1408 3445 deinde
1448 3386 1837 3462 quibusdam)
1877 3403 2023 3460 quae
2065 3403 2257 3446 omnes
2295 3388 2452 3447 intra
2484 3387 2665 3448 Asiae

439 3480 581 3541 fines
607 3486 870 3556 repertae
911 3487 1041 3542 sunt
1067 3482 1609 3559 ἀξιολογώτατος
1650 3484 1749 3556 qui
1776 3484 2120 3558 appellatur,
2150 3502 2318 3559 saepe
2345 3489 2664 3552 statuarum

437 3576 614 3639 fuisse
675 3585 910 3639 curator
960 3580 1229 3641 traditur.
1310 3598 1459 3655 quae
1505 3599 1621 3642 vox
1660 3599 1776 3641 non
1815 3599 1946 3641 raro
1989 3600 2115 3640 cum
2156 3599 2501 3642 summorum
2539 3599 2662 3641 ma-

433 3678 785 3751 gistratuum
810 3678 1130 3748 nominibus
1154 3675 1488 3758 iungitur-⁸);
1533 3682 1594 3739 in
1633 3681 1723 3739 his
1763 3686 1951 3764 autem
1993 3681 2177 3748 titulis
2217 3698 2323 3754 per
2363 3698 2423 3740 se
2449 3681 2663 3756 legitur

436 3777 560 3835 sola
600 3792 729 3834 cum
772 3776 1016 3835 articulo
1058 3777 1385 3850 coniuncta,
1448 3778 1600 3837 unde
1642 3778 1902 3851 colligas,
1967 3778 2289 3837 hominibus
2330 3779 2561 3838 summis
2598 3779 2660 3836 in

432 3874 729 3947 republica
790 3874 1121 3934 muneribus
1183 3875 1396 3936 functis
1458 3875 1624 3948 quasi
1676 3890 1983 3950 cognomen
2033 3874 2659 3936 honorificentissimum

574 4093 616 4160 ¹)
651 4091 720 4149 de
754 4093 1108 4150 helladarcha
1141 4095 1201 4150 in
1237 4094 1384 4150 arch.
1423 4111 1471 4150 z.
1511 4096 1669 4164 1876,
1695 4095 1782 4165 50,
1818 4095 1853 4150 8
1891 4094 2146 4150 videatur
2179 4092 2315 4150 ibid.
2351 4109 2405 4162 p.
2442 4093 2564 4151 226.

572 4179 620 4250 ²)
653 4195 708 4251 p.
746 4180 870 4239 Chr.
907 4183 1170 4239 exaratis.

569 4268 617 4339 ⁸)
653 4268 710 4326 C.
747 4269 793 4328 1.
829 4269 898 4328 G.
930 4271 983 4327 II
1020 4272 1162 4327 3420
1198 4301 1266 4313 -
1303 4271 1433 4329 Leb.
1470 4271 1551 4327 ΠΙ
1588 4271 1712 4328 655.
