3226 5078
1362 544 1801 606 ..41-

460 737 768 796 solvendae
830 742 1039 796 essent.
1124 739 1286 797 velut
1342 738 1644 811 inscriptio
1705 737 1870 796 nobis
1931 740 2162 795 servata
2221 742 2310 795 est
2360 741 2598 795 exarata
2636 736 2697 793 in
2805 774 2810 777 -

461 849 642 893 aenea
668 833 1016 893 Hermodori
1052 834 1347 893 cuiusdam
1385 832 1646 910 statua1)‚
1689 835 1750 892 in
1776 850 1890 906 qua
1914 838 2218 892 monentur
2244 838 2694 906 praetereuntes„

460 948 534 990 ne
576 935 829 991 statuam
870 932 1000 991 loco
1042 936 1338 991 moverent
1373 947 1517 990 neve
1543 932 1923 1004 surriperent3
1965 932 2054 990 sin
2081 931 2206 1002 quis
2233 930 2453 1003 fecerit,
2496 930 2699 1004 viginti

460 1030 603 1088 duos
668 1045 874 1088 aureos
934 1029 1107 1087 matri
1155 1029 1528 1102 Smyrnaicae
1569 1029 1767 1103 (deum
1817 1027 2110 1103 intellege)
2163 1028 2235 1087 ab
2277 1044 2347 1086 eo
2397 1027 2696 1087 solvendos

462 1126 661 1201 esse2).
728 1125 996 1184 custodes
1034 1125 1119 1183 ibi
1159 1125 1473 1184 collocatos
1515 1142 1640 1185 esse
1679 1125 2015 1185 incredibile
2056 1126 2366 1202 videtur³);
2442 1126 2697 1184 latrones

459 1223 643 1296 igitur
683 1227 808 1280 tum
848 1223 1019 1281 modo
1059 1238 1245 1295 poena
1284 1222 1522 1282 affectos
1562 1240 1687 1282 esse
1728 1228 1920 1296 patet,
1987 1223 2038 1282 si
2076 1239 2183 1295 per
2224 1238 2416 1282 casum
2458 1227 2560 1281 aut
2600 1222 2703 1280 de·-

460 1319 714 1378 nuntiati
755 1325 859 1378 aut
897 1319 958 1377 in
997 1321 1124 1393 ipso
1165 1319 1420 1379 facinore
1460 1320 1803 1394 deprehensi
1845 1326 2055 1379 essent.
2118 1325 2241 1378 tum
2283 1323 2474 1378 autem
2516 1337 2552 1379 a
2577 1336 2695 1376 ma·

461 1418 799 1492 gistratibus
859 1418 1104 1490 publicis
1170 1420 1448 1491 pecuniae
1508 1436 1544 1478 a
1603 1416 1879 1478 maleficis
1929 1424 2169 1477 exactae
2211 1423 2269 1477 et
2310 1423 2433 1475 tum
2473 1418 2698 1476 demum

464 1516 605 1575 deae
655 1515 882 1574 aerario
923 1516 1177 1574 tributae
1219 1526 1342 1575 esse
1383 1516 1674 1588 videntur3
1738 1516 1837 1588 qui
1878 1515 2029 1577 enim
2071 1516 2243 1574 aliter
2283 1516 2393 1573 hoc
2431 1513 2557 1572 fieri
2596 1529 2698 1585 po-

464 1614 668 1686 tuerit,
721 1629 836 1670 non
875 1613 1277 1686 intellegimus,
1321 1613 1457 1686 quia
1498 1614 1822 1673 sacerdotes
1862 1618 2117 1686 potestas
2159 1613 2342 1671 omnis
2383 1611 2698 1671 deficiebat.

625 1710 784 1769 aliud
811 1714 918 1780 est,
958 1710 1009 1770 si
1034 1711 1326 1770 interdum
1352 1716 1583 1770 senatus
1611 1712 1921 1784 populique
1949 1711 2179 1770 decreto
2208 1715 2437 1768 statuae
2466 1725 2700 1769 eversae

464 1814 623 1875 sunt3
666 1808 776 1867 hac
815 1808 966 1866 enim
1009 1824 1195 1881 poena
1236 1825 1336 1867 eos
1378 1809 1690 1881 praecipue
1731 1807 1970 1868 affectos
2012 1824 2136 1867 esse
2164 1808 2558 1881 comperimus,
2602 1807 2699 1878 qui

462 1910 563 1964 aut
622 1906 682 1963 in
745 1906 884 1965 deos
934 1910 1037 1967 aut
1074 1906 1137 1964 in
1177 1907 1588 1979 rempublicam
1630 1906 1850 1965 scelera
1891 1906 2297 1965 commiserant
2334 1906 2429 1964 vel
2471 1905 2699 1962 commi-

463 2002 603 2061 sisse
653 2002 1022 2075 putabantur.
1104 2003 1336 2061 minime
1379 2003 1558 2074 igitur
1596 2003 1805 2060 mirum
1847 2007 1951 2075 est,
1997 2002 2047 2060 si
2087 2002 2148 2059 in
2188 2018 2287 2059 eos
2329 2017 2554 2073 quoque
2593 2001 2701 2060 hoc

464 2101 633 2159 modo
696 2101 1016 2159 consultum
1048 2112 1202 2158 'esse
1254 2099 1520 2172 legimus,
1592 2100 1689 2172 qui
1729 2100 1841 2173 ipsi
1881 2100 1941 2157 in
1992 2100 2109 2158 alia
2149 2099 2313 2172 signa
2350 2098 2444 2157 vel
2483 2099 2701 2170 templa

465 2197 805 2256 saevierant.
866 2197 954 2256 ita
994 2213 1044 2257 6.
1086 2214 1138 2270 g.
1183 2213 1312 2256 cum
1351 2196 1622 2270 Philippo
1652 2198 1709 2255 II
1739 2200 1930 2255 actum
1959 2202 2062 2270 est,
2108 2213 2236 2254 cum
2265 2195 2483 2268 templa
2511 2195 2704 2254 omnia

465 2295 681 2362 circum
718 2292 986 2354 Athenas
1047 2294 1161 2352 sita
1208 2295 1537 2353 delevisset:
1606 2300 1836 2353 statuae
1878 2295 2027 2353 enim
2068 2299 2130 2353 et
2169 2294 2349 2366 ipsius
2391 2300 2450 2353 et
2490 2309 2700 2366 cogna-

462 2398 652 2450 torum
693 2390 954 2450 deiectae
994 2396 1141 2449 sunt.
1157 2390 1207 2467 4)
1270 2407 1453 2463 neque
1487 2391 1722 2450 silentio
1764 2392 1860 2449 hic
1902 2390 2320 2464 praetereunda
2361 2395 2509 2463 sunt,
2554 2407 2700 2462 quae

462 2489 521 2547 in
561 2487 748 2548 altero
789 2488 940 2547 libro
982 2487 1131 2565 (cap.
1159 2486 1352 2561 XVII,
1386 2486 1450 2563 7)
1482 2488 1790 2546 memoriae
1819 2487 2078 2561 prodidit
2103 2486 2436 2547 Pausanias,
2500 2491 2701 2547 narrat

464 2586 639 2654 enim,
692 2585 1124 2645 celeberrimum
1173 2585 1318 2644 illud
1360 2585 1606 2644 Junonis
1646 2586 1921 2658 templum
1964 2584 2116 2656 quod
2156 2584 2311 2658 Argi
2351 2590 2478 2644 erat
2519 2584 2705 2657 Chry·

466 2683 636 2742 seidis
677 2684 1047 2756 neglegentia
1084 2682 1400 2742 sacerdotis
1413 2683 1460 2758 5)
1500 2684 1754 2742 inustum
1795 2698 1947 2750 esse;
1990 2686 2357 2775 miro-tamen
2384 2673 2553 2741 modo
2579 2681 2700 2740 Ar-

463 2781 628 2853 givos
654 2785 906 2839 statuam
927 2781 1049 2840 eius
1069 2797 1186 2840 non
1213 2781 1514 2841 evertisse.
1575 2780 1957 2853 colligendum
1985 2780 2162 2853 igitur
2187 2780 2322 2839 inde
2350 2784 2454 2853 est,
2499 2796 2698 2838 eorum

466 2878 564 2950 qui
590 2878 735 2937 talia
775 2877 1176 2936 commiserant
1215 2878 1436 2937 scelera
1474 2881 1696 2936 statuas
1737 2879 2072 2951 plerumque
2099 2878 2187 2953 (et
2213 2878 2459 2935 maxime
2484 2877 2702 2936 Pausa-

464 2975 594 3033 niae
632 2975 729 3033 vel
769 2974 1026 3034 auctoris
1066 2975 1189 3035 eius
1228 2974 1605 3048 temporibus)
1652 2976 1839 3034 everti
1878 2975 2080 3033 solitas
2124 2989 2265 3032 esse.
2353 2975 2552 3034 eadem
2591 2976 2702 3033 hac

464 3087 652 3145 poena
700 3073 818 3131 alia
869 3072 940 3130 de
982 3088 1156 3131 causa
1195 3072 1592 3145 Hipparchum
1635 3072 1989 3145 proditorem
2030 3072 2293 3145 punitum
2336 3087 2463 3131 esse
2475 3068 2523 3147 6)
2565 3088 2697 3130 con-

465 3173 583 3227 stat
622 3174 795 3242 atque
835 3170 1192 3229 Demetrium
1220 3169 1655 3245 Phalereum⁷);
1703 3169 2066 3229 Crotoniatas
2108 3174 2299 3228 autem
2326 3169 2521 3243 Astyli
2561 3170 2703 3229 civis

613 3351 658 3421 ¹)
696 3369 840 3426 μουσ.
878 3344 962 3405 καὶ
998 3350 1128 3423 βιβλ.
1170 3355 1308 3408 1880
1342 3369 1396 3422 p.
1438 3355 1557 3420 128,
1598 3355 1717 3408 166.

611 3444 653 3513 2)
693 3442 829 3497 satis
883 3442 1078 3496 notum
1132 3443 1244 3512 est,
1299 3442 1568 3497 eiusmodi
1624 3441 1829 3496 multas
1876 3441 2200 3511 saepissime
2236 3442 2297 3495 in
2332 3443 2705 3497 monumentis

467 3531 870 3601 sepulcralibus
890 3532 1146 3586 exaratas
1169 3530 1424 3599 inveniri,
1451 3532 1508 3585 et
1529 3530 1621 3585 vel
1643 3530 1701 3584 in
1724 3530 1854 3600 aris,
1888 3529 1985 3585 cfr.
2013 3530 2195 3585 athen.
2221 3531 2362 3585 mitt.
2398 3529 2474 3584 VI
2511 3532 2703 3601 371,19

466 3619 646 3674 simile
682 3619 774 3674 vel
796 3619 856 3672 in
880 3619 1084 3689 privati
1108 3618 1309 3689 poculo
1334 3618 1669 3687 inscriptum
1696 3634 1820 3673 esse
1846 3634 1960 3673 non
1985 3620 2163 3689 taceo,
2201 3617 2295 3673 cfr.
2325 3618 2492 3688 Jahn,
2526 3617 2711 3674 Katal.

466 3707 519 3764 d.
557 3708 777 3764 miinch.
814 3723 932 3763 vas,
970 3724 1025 3777 p.
1065 3705 1302 3763 CXXIX.

610 3795 654 3865 ³)
693 3795 980 3851 custodem
1005 3795 1153 3850 6111111
1179 3796 1441 3866 sepulcri,
1470 3812 1638 3866 quem
1662 3795 1943 3850 exstitisse
1962 3794 2242 3850 interdum
2262 3794 2411 3865 apud
2428 3794 2708 3850 Romanos

466 3886 709 3955 constat,
747 3884 854 3939 huc
891 3900 1005 3939 non
1040 3884 1322 3954 pertinere
1361 3900 1525 3939 nemo
1563 3900 1679 3938 non
1715 3882 1883 3939 videt.

609 3973 656 4042 ⁴)
690 3973 809 4032 Liv.
846 3972 1041 4044 XXXI,
1078 3974 1317 4040 23-443
1358 3972 1452 4028 cfr.
1490 3972 1598 4027 Dio
1640 3970 1838 4042 Chrys.
1874 3971 2129 4027 XXXVII
2165 3989 2220 4042 p.
2262 3974 2381 4027 122.

612 4062 655 4133 ⁵)
696 4062 845 4117 circa
883 4061 1103 4133 olymp.
1142 4063 1229 4132 89,
1261 4065 1306 4120 1.

613 4148 658 4218 ὃ)
695 4149 933 4221 Lycurg.
972 4151 1031 4205 in
1066 4149 1260 4206 Leocr.
1297 4150 1345 4219 ξ.
1388 4153 1506 4206 117.

619 4238 661 4308 ⁷)
701 4237 991 4294 Overbeck
1028 4237 1082 4294 S.
1122 4239 1186 4307 Q.
1229 4240 1363 4293 1437
1375 4241 1595 4293 -1441.
