3226 5078
1457 560 1888 653 „52-

559 761 864 832 praeterea
915 762 1020 829 est,
1083 760 1151 813 ut
1199 759 1422 814 statuas
1471 753 1576 812 has
1626 759 1719 812 ter
1766 769 1874 826 per
1954 754 2105 813 diem
2146 753 2473 813 sacerdotes
2517 757 2788 811 ornarent

564 865 900 925 sacrumque
944 856 1211 910 ornatum
1251 851 1550 909 adicerent
1589 851 1815 923 aliaque
1855 866 2002 923 quae
2042 867 2114 910 ex
2156 852 2271 910 ritu
2300 856 2504 924 essent,
2550 849 2788 924 perfice-

562 954 711 1020 rent,
754 954 823 1007 ut
859 950 999 1008 item
1043 947 1174 1008 aliis
1215 948 1304 1007 dis
1346 965 1473 1007 cum
1515 948 1655 1008 festi
1696 947 2126 1008 celebrarentur
2154 949 2278 1009 dies
2309 948 2489 1007 fieret.
2547 950 2791 1008 honores

558 1048 741 1120 igitur
803 1047 902 1118 qui
950 1046 1113 1106 festis
1174 1046 1342 1105 modo
1393 1046 1593 1105 diebus
1645 1046 1967 1106 simulacris
2010 1047 2248 1106 deorum
2288 1047 2465 1107 tribui
2504 1046 2785 1112 solebant,

561 1145 637 1204 ad
681 1147 828 1203 hunc
868 1161 1059 1218 regem
1100 1144 1357 1216 quotidie
1399 1145 1621 1204 delatos
1662 1160 1788 1204 esse
1830 1145 2226 1218 comperimus.
2241 1143 2289 1220 ¹)
2368 1188 2378 1199 .

723 1244 999 1316 pecuniae
1040 1249 1233 1303 autem
1273 1244 1346 1302 ad
1388 1243 1649 1302 ornanda
1676 1242 1907 1301 deorum
1936 1243 2244 1302 simulacra
2270 1241 2624 1300 necessariae
2651 1238 2792 1312 quin

563 1356 636 1399 ex
676 1340 875 1413 templi
916 1341 1143 1401 aerario
1185 1341 1409 1400 solutae
1449 1339 1634 1416 sint²)‚
1678 1340 1775 1398 vix
1818 1339 2052 1399 dubium
2094 1356 2219 1399 esse
2260 1341 2445 1400 debet.
2512 1338 2597 1397 sic
2637 1338 2792 1397 enim

561 1437 822 1512 intellegi
882 1443 1105 1510 potest,
1165 1437 1214 1497 si
1273 1438 1335 1495 in
1397 1437 1570 1496 titulo
1612 1437 1862 1509 quodam
1870 1434 1918 1513 ³)
1960 1438 2234 1512 Tryphon
2247 1482 2261 1510 ‚
2326 1437 2424 1508 qui
2464 1452 2569 1509 per
2608 1442 2792 1495 totam

559 1536 737 1594 vitam
786 1535 1053 1594 sacerdos
1101 1534 1292 1594 fuerat
1331 1535 1531 1595 Liberi
1578 1536 1826 1607 primum
1877 1553 1939 1594 se
1989 1535 2081 1595 dei
2132 1536 2495 1594 simulacrum
2556 1534 2627 1593 de
2689 1549 2793 1591 sua

563 1648 795 1692 ornasse
848 1632 1089 1707 pecunia
1127 1632 1434 1706 gloriatur:
1486 1633 1823 1706 plerumque
1864 1634 2015 1692 enim
2056 1649 2127 1692 ex
2170 1634 2368 1706 templi
2410 1632 2634 1692 aerario
2688 1632 2793 1690 hos

474 1770 481 1775 -
565 1734 825 1803 sumptus
866 1730 1088 1790 solvere
1128 1731 1459 1790 sacerdotes
1499 1730 1778 1790 solebant.
1793 1730 1843 1805 ⁴)

732 1829 976 1887 Praeter
1036 1845 1279 1887 coronas
1340 1828 1545 1888 deinde
1606 1834 1668 1887 et
1727 1828 1947 1888 taenias
1997 1844 2111 1887 non
2160 1844 2300 1903 raro,
2344 1832 2531 1886 vestes
2572 1838 2795 1900 quoque

570 1927 756 1986 aliave
795 1926 1122 1986 velamenta
1161 1926 1237 1986 ad
1280 1920 1541 1986 ornanda
1579 1927 1817 1986 deorum
1858 1927 2163 1985 simulacra
2203 1925 2464 1985 adhibita
2490 1941 2613 1984 esse
2642 1941 2793 1983 com-

565 2025 835 2097 perimus.
899 2029 958 2083 et
983 2040 1210 2099 semper
1236 2023 1358 2084 fere
1384 2025 1547 2098 signa
1571 2025 1762 2098 lignea
1787 2025 1897 2083 hoc
1928 2025 2094 2083 modo
2122 2028 2328 2082 ornata
2355 2039 2478 2082 esse
2505 2021 2788 2095 videntur,
2881 2096 2885 2100 ι

563 2123 919 2193 maximeque
960 2139 1087 2181 cum
1127 2138 1201 2179 ne
1242 2123 1536 2180 hominum
1578 2123 1809 2193 quidem
1851 2122 2061 2181 similia
2095 2127 2285 2181 essent
2311 2121 2410 2180 sed
2436 2122 2595 2194 ligna
2622 2120 2790 2179 modo

563 2218 839 2279 indolata.
852 2219 900 2294 5)
949 2219 1310 2278 vestimentis
1360 2221 1512 2278 enim
1560 2219 1653 2278 his
1705 2237 1846 2293 opus
1894 2219 2199 2279 videbatur
2250 2219 2516 2291 Graecis,
2569 2223 2636 2276 ut
2684 2217 2792 2277 hac

567 2316 798 2388 quidem
841 2316 1064 2376 ratione
1104 2317 1174 2375 ad
1203 2316 1448 2376 hominis
1476 2316 1905 2376 similitudinem
1932 2317 2273 2376 accederent
2293 2317 2439 2376 haec
2464 2316 2787 2375 simulacra.

562 2414 712 2473 hunc
752 2418 944 2473 autem
984 2431 1198 2474 morem
1239 2432 1311 2473 ex
1351 2415 1619 2474 arborum
1662 2415 1818 2473 cultu
1860 2419 2048 2474 ortum
2078 2394 2201 2474 esse
2239 2414 2426 2474 elucet
2453 2419 2515 2473 et
2540 2415 2793 2489 plerum-

567 2526 678 2585 que
738 2516 1047 2586 propterea
1104 2512 1167 2571 in
1227 2528 1368 2587 agro
1418 2529 1548 2573 eum
1588 2512 1850 2586 viguisse
1878 2517 2131 2590 constat,
2193 2512 2294 2573 ubi
2336 2512 2654 2574 diutissime
2694 2529 2791 2573 re-

709 2771 750 2839 ¹)
791 2785 917 2824 cum
952 2769 1124 2839 igitur
1158 2767 1315 2824 festis
1354 2769 1579 2840 quidem
1604 2768 1799 2824 diebus
1823 2768 2154 2840 plerumque
2181 2769 2381 2826 eximio
2405 2769 2568 2824 modo
2596 2770 2793 2824 ornata

566 2874 688 2912 esse
744 2857 975 2913 deorum
1029 2859 1326 2913 simulacra
1376 2858 1506 2914 inde
1552 2858 1858 2929 discamus,
1912 2858 2252 2928 singularem
2296 2861 2484 2913 tamen
2528 2858 2634 2914 hoc
2670 2858 2792 2913 loco

566 2945 850 3001 Arcadum
886 2962 1099 3001 morem
1136 2963 1249 3001 non
1284 2948 1548 3002 tacemuS.
1599 2948 1660 3001 in
1696 2947 1952 3002 sollemni
1990 2948 2137 3001 enim
2175 2948 2323 3018 quod
2358 2948 2417 3002 in
2441 2946 2623 3002 Panos
2650 2946 2792 3002 cele-

564 3027 831 3091 brabatur
867 3035 1150 3105 honorem,
1188 3034 1391 3104 ephebi
1426 3031 1645 3103 signum
1683 3035 1799 3089 eius
1837 3035 2010 3089 scillis
2048 3034 2279 3090 caedere
2313 3035 2584 3106 solebant,
2620 3036 2670 3090 si
2694 3037 2791 3089 aut

566 3124 786 3180 venatio
832 3140 1031 3194 parum
1074 3121 1336 3194 frequens
1384 3139 1488 3178 nec
1534 3123 1688 3177 varia
1720 3121 1905 3178 fuerat
1949 3126 2047 3178 aut
2083 3123 2308 3193 choragi
2344 3127 2441 3179 aut
2477 3124 2791 3196 quicunque

566 3213 934 3283 providebant
970 3211 1204 3283 dapibus
1240 3212 1484 3268 minores
1518 3212 1587 3266 iis
1626 3211 1999 3267 attribuerant
2020 3214 2209 3284 partes
2234 3211 2536 3284 (Theocrit.
2557 3212 2663 3268 VII
2690 3216 2789 3269 107

565 3318 692 3358 cum
728 3301 941 3371 schol.).
1013 3302 1119 3357 hoc
1163 3302 1333 3371 igitur
1374 3300 1539 3358 modo
1576 3305 1642 3357 ut
1675 3302 1735 3356 in
1769 3304 2056 3372 posterum
2091 3303 2268 3371 magis
2303 3303 2372 3356 iis
2407 3302 2622 3358 faveret
2656 3302 2792 3358 deus

565 3392 787 3462 assequi
823 3391 1135 3449 voluerunt.

708 3481 928 3551 saepius
965 3481 1189 3537 omnino
1223 3481 1294 3535 in'
1321 3480 1411 3537 dei
1444 3480 1706 3537 malevoli
1739 3480 2095 3536 simulacrum
2130 3497 2243 3536 non
2281 3480 2482 3536 eximia
2518 3496 2645 3536 cum
2669 3480 2791 3535 dili-

567 3570 752 3638 gentia
788 3570 1104 3626 consultum
1142 3586 1263 3625 esse
1302 3586 1371 3625 ex
1393 3569 1584 3625 Babrii
1619 3568 1730 3625 fab.
1760 3571 1859 3624 119
1887 3568 2173 3637 discimus;
2214 3567 2309 3626 cfr.
2335 3568 2539 3625 Friedl.
2567 3569 2788 3639 sitteng.

565 3656 648 3713 III
684 3675 738 3729 p.
778 3659 941 3729 55617
981 3660 1040 3713 et
1074 3658 1388 3716 Sch‘o’mann
1425 3673 1506 3726 gr.
1545 3657 1642 3713 alt.
1678 3656 1733 3712 II
1769 3674 1824 3728 p.
1868 3659 1985 3713 188.

706 3750 750 3818 ²)
789 3748 898 3806 vid.
923 3749 1115 3804 Bockh
1151 3750 1382 3828 staatsh.
1420 3747 1446 3802 I
1471 3763 1562 3818 pp.
1590 3750 1712 3817 207,
1740 3750 1861 3817 210,
1886 3749 2009 3818 217,
2044 3749 2150 3802 414
2163 3746 2260 3818 (a),
2296 3749 2419 3816 444,
2444 3747 2565 3804 519.
2621 3743 2676 3799 II
2703 3746 2787 3799 94.

707 3837 751 3908 3)
791 3836 850 3894 G.
887 3835 931 3893 I.
971 3837 1036 3894 G.
1073 3837 1149 3892 IV
1187 3840 1343 3894 6829.

707 3927 752 3997 ⁴¹)
792 3928 1036 3998 itemque
1073 3928 1143 3983 de
1180 3944 1283 3983 sua
1317 3928 1556 4000 pecunia
1593 3925 1867 3983 Callithoe
1905 3925 2163 3982 sacerdos
2201 3925 2439 3981 Junonis
2477 3925 2789 3998 columnam

566 4016 815 4088 στέμμασι
839 4008 923 4067 καὶ
945 4016 1209 4069 θυσάνοισι
1235 4032 1461 4071 ornasse
1486 4015 1724 4086 videtur,
1761 4031 2099 4087 quamquam
2121 4014 2287 4085 plane
2311 4015 2417 4070 hoc
2441 4031 2555 4070 non
2580 4014 2788 4070 dictum

564 4107 651 4161 est
694 4105 763 4160 ab
811 4103 1118 4174 HellanicO,
1165 4103 1262 4161 cfr.
1312 4104 1485 4161 Clem.
1522 4104 1613 4163 Al.
1654 4102 1855 4159 Strom.
1892 4103 1920 4157 I
1955 4119 2010 4174 p.
2052 4104 2148 4157 151
2188 4129 2257 4149 =
2294 4102 2498 4158 Kinkel
2534 4102 2601 4160 fr.
2639 4118 2722 4173 ep.
2761 4102 2788 4157 Ι

563 4210 617 4266 p.
655 4197 776 4251 211.
813 4194 1068 4249 videatur
1104 4194 1273 4249 etiam
1308 4193 1593 4248 Annuaire
1632 4195 1736 4248 etc.
1773 4192 1851 4247 IX
1884 4207 1938 4263 p.
1977 4194 2098 4249 328.

713 4284 755 4354 5)
794 4283 943 4339 Bott.
979 4283 1117 4340 tekt.
1143 4283 1198 4338 H
1234 4284 1265 4354 ξ
1304 4285 1390 4354 39,
1428 4285 1476 4338 5.
