3226 5078
1299 557 1761 633 ,-19—

438 752 512 810 ad
569 752 851 809 rationem
912 750 1157 808 aliarum
1216 749 1443 808 urbium
1502 749 1669 824 longe
1717 751 1951 824 plurimi
2012 751 2308 826 exstant.¹)
2354 794 2360 802 .
2396 752 2511 811 hoc
2553 768 2657 811 cur

437 850 653 908 factum
694 849 773 907 sit
814 848 866 906 si
906 847 1257 921 quaerimus,
1310 847 1454 906 haec
1494 863 1668 907 causa
1707 846 1880 908 fuisse
1920 848 2172 922 videtur,
2225 849 2377 922 quod
2418 850 2581 923 signo
2623 867 2655 909 e

435 952 666 1007 senatus
706 946 1013 1020 populique
1054 945 1283 1005 decreto
1323 945 1547 1018 publice
1588 950 1805 1005 statuto
1844 946 2014 1020 longe
2054 948 2238 1006 maior
2277 948 2455 1006 tribui
2493 949 2654 1008 vide·

434 1046 608 1103 batur
646 1044 835 1102 honor
873 1059 1042 1116 quam
1082 1042 1330 1115 privato.
1394 1047 1587 1102 statua
1629 1043 1779 1102 enim
1818 1042 2045 1116 publice
2086 1044 2319 1104 decreta
2357 1047 2558 1118 quanti
2578 1046 2656 1106 sit

436 1143 757 1211 aestimata,
805 1155 876 1198 ex
915 1139 1290 1212 inscriptione
1317 1139 1588 1198 Eretriae
1615 1145 1850 1214 reperta
1875 1142 2229 1214 intellegitur
2256 1142 2459 1218 (Rang.
2493 1145 2652 1221 689).

438 1241 598 1301 68188
640 1240 702 1298 in
741 1238 908 1296 initio
950 1240 1252 1310 postquam
1291 1242 1483 1296 actum
1525 1243 1615 1298 est
1654 1239 1726 1298 de
1766 1243 1960 1297 statua
1999 1239 2367 1314 Theopompo
2381 1286 2394 1303 .
2438 1241 2657 1301 1101111111

433 1339 648 1413 optime
714 1336 919 1395 merito
982 1334 1250 1409 erigenda
1290 1352 1327 1394 a
1365 1333 1683 1408 republica,
1736 1335 1880 1395 haec
1919 1342 2235 1409 sequuntur
2272 1338 2471 1397 verba:
2536 1336 2657 1398 ἐπι-

430 1435 638 1516 γράψαι
701 1434 761 1493 δὲ
812 1433 902 1493 καὶ
943 1432 1029 1491 ἐπὶ
1068 1432 1163 1497 τὰς
1203 1432 1500 1509 ἓσταμένας
1540 1432 1624 1491 ὑπ’
1669 1431 1833 1492 αὐτοῦ
1877 1432 2255 1511 (Θεοπόμπου)
2297 1434 2507 1500 εἰκόνας
2544 1441 2654 1495 τῶν

434 1556 496 1592 τε
538 1533 667 1592 υἱῶν
710 1531 803 1592 καὶ
840 1534 937 1608 τῆς
976 1530 1258 1610 θυγατρός,
1302 1531 1432 1590 διότι
1472 1530 1778 1609 ἀνατίθησιν
1817 1530 1980 1595 αὐτὰς
2015 1531 2045 1589 ὁ
2073 1533 2247 1609 δῆμος
2274 1532 2304 1590 ὁ
2324 1531 2652 1612 Ἐρετριέων

435 1630 634 1708 ἀρετῆς
694 1624 878 1690 ἕνεκεν
938 1633 1036 1706 τῆς
1097 1628 1171 1694 εἰς
1214 1628 1423 1688 ἑαυτόν.
1513 1631 1722 1690 statuis
1762 1630 1941 1704 igitur
1979 1631 2093 1688 iam
2135 1637 2307 1690 antea
2347 1649 2383 1689 a
2424 1633 2651 1704 privato

432 1729 729 1788 collocatis
790 1732 1019 1795 senatus
1080 1728 1390 1802 populique
1452 1728 1745 1788 decretum
1804 1728 2043 1787 incisum
2107 1732 2194 1787 est
2252 1729 2472 1805 (deleta
2532 1731 2653 1790 sine

430 1827 603 1887 dubio
653 1827 838 1900 priori
877 1827 1278 1900 inscriptione,
1341 1825 1390 1886 si
1430 1841 1575 1897 quae
1616 1826 1842 1884 omnino
1884 1825 2241 1901 exstiterat);
2303 1827 2453 1900 quod
2494 1833 2654 1888 certe

429 1942 551 1985 non
592 1924 979 1984 decrevissent
1019 1924 1400 1992 Eretrienses,
1444 1923 1554 1982 nisi
1597 1940 1849 1982 summus
1888 1923 1983 1982 bic
2022 1924 2207 1982 1101101
2247 1930 2398 1983 esset
2436 1926 2651 1985 iudica·

431 2029 544 2084 tus.
624 2021 727 2082 sed
799 2022 1201 2081 aberravimus.
1285 2037 1628 2092 quamquam
1693 2021 1870 2094 igitur
1938 2025 2129 2080 statua
2197 2022 2354 2081 nullo
2422 2021 2651 2096 publico

430 2123 666 2193 sumptu
726 2123 785 2177 et
844 2117 1103 2192 perfecta
1163 2124 1223 2178 et
1283 2119 1565 2178 collocata
1605 2123 1757 2193 erat,
1810 2124 2004 2178 tamen
2041 2121 2102 2177 in
2141 2119 2311 2178 titulo
2353 2121 2650 2194 supposito
2738 2148 2741 2151 ¹

431 2217 658 2291 publice
719 2233 845 2276 eam
896 2218 1184 2276 decretam
1237 2232 1361 2276 esse
1399 2216 1640 2276 incisum
1682 2222 1786 2285 est,
1829 2234 1957 2275 cum
1997 2217 2231 2276 honoris
2274 2233 2469 2290 causa,
2529 2224 2653 2277 tum

430 2320 497 2373 ut
534 2315 763 2389 publico
809 2315 941 2374 loco
970 2315 1148 2373 statui
1174 2319 1368 2387 posset
1389 2315 1627 2389 signum.
1690 2330 1796 2373 nec
1821 2303 2041 2373 maiora
2067 2314 2373 2388 cupiebant
2399 2317 2646 2388 cognati.

589 2430 735 2485 quae
796 2413 964 2471 modo
1027 2412 1263 2485 exposui
1314 2428 1430 2470 non
1469 2411 1544 2470 ad
1586 2427 1779 2471 omnes
1818 2411 2107 2484 pertinere
2146 2411 2552 2484 inscriptiones
2591 2414 2652 2471 in

301 2514 309 2522 ‘
425 2512 635 2584 quibus
676 2511 909 2585 cognati
951 2515 1052 2570 aut
1092 2510 1264 2569 amici
1303 2510 1574 2569 honorati
1613 2514 1874 2582 sumptus
1915 2524 2107 2568 omnes
2133 2509 2335 2569 tulisse
2363 2509 2647 2586 dicuntur,

426 2610 676 2667 libenter
736 2609 1011 2675 concedo;
1061 2610 1172 2668 hoc
1223 2609 1374 2666 enim
1415 2625 1465 2667 6.
1507 2625 1563 2680 g.
1608 2607 1752 2667 satis
1791 2623 2073 2679 apparere
2111 2607 2338 2666 videtur
2378 2625 2448 2666 ex
2490 2631 2649 2684 μουσ.

436 2706 591 2764 1880
630 2721 685 2778 p.
735 2707 849 2764 177
891 2709 952 2763 et
992 2703 1149 2779 μουσὶ
1199 2704 1350 2763 1878
1393 2722 1450 2778 p.
1497 2705 1729 2764 18—23
1770 2704 1983 2774 titulis3
2029 2708 2281 2763 attamen
2322 2707 2650 2780 saepissime

429 2803 539 2860 1106
588 2803 674 2859 ita
721 2802 941 2861 factum
984 2817 1130 2874 esse,
1195 2807 1262 2860 ut
1304 2802 1415 2861 duo
1455 2803 1556 2861 illa
1596 2785 1743 2874 quae
1783 2802 1951 2862 modo
1992 2802 2350 2862 laudavimus
2391 2806 2651 2879 exempla

427 2897 744 2972 singularia
785 2899 1204 2971 quodammodo
1245 2900 1363 2958 sint
1402 2900 1721 2972 iudicanda,
1764 2916 1928 2958 nemo
1970 2900 2091 2959 sine
2120 2899 2289 2958 dubio
2317 2917 2530 2974 negare
2556 2918 2648 2961 co·

427 2997 677 3057 nabitur.
761 3002 1057 3057 curatores
1118 3002 1311 3057 autem
1371 3004 1694 3057 statuarum
1753 3004 1874 3057 tum
1925 3014 2038 3057 non
2077 3014 2113 3057 a
2150 2999 2446 3071 republica
2486 2999 2649 3058 datos

426 3111 577 3164 esse,
649 3094 751 3154 sed
805 3096 878 3153 ab
929 3095 1025 3169 iis,
1091 3096 1191 3167 qui
1239 3100 1498 3168 sumptus
1538 3111 1735 3155 omnes
1774 3095 2041 3172 (ideoque
2082 3096 2258 3155 etiam
2299 3112 2396 3155 eos
2436 3098 2535 3168 qui
2574 3097 2649 3155 ad

427 3193 821 3252 collocandam
860 3198 1111 3254 statuam
1151 3193 1532 3270 pertinerent)
1560 3198 1925 3267 suscepturos
1952 3210 2013 3252 se
2040 3208 2165 3253 esse
2190 3193 2438 3266 polliciti
2467 3199 2647 3267 erant,

427 3290 792 3349 manifest-um
861 3295 965 3350 est.
1048 3307 1162 3362 qua
1223 3290 1294 3349 de
1366 3307 1539 3350 causa
1578 3290 1886 3363 plurimum
1928 3291 2049 3350 eius
2088 3291 2311 3365 generis
2351 3292 2649 3351 titulorum

430 3404 729 3464 numerum
775 3388 1115 3463 invenimus,
1180 3390 1242 3447 in
1280 3389 1483 3461 quibus
1526 3390 1598 3448 de
1640 3394 1906 3449 curatore
1945 3389 2089 3447 nihil
2128 3389 2352 3447 omnino
2395 3390 2648 3448 additum

428 3490 518 3544 est
531 3530 544 3554 ,
608 3487 708 3545 sed
765 3485 810 3543 ii
869 3474 1035 3545 modo
1095 3487 1194 3558 qui
1250 3488 1523 3572 pecunias
1584 3487 1658 3545 ad
1706 3481 1934 3560 signum
1965 3486 2315 3564 necessarias
2356 3488 2649 3546 solverunt

429 3585 856 3643 commemorati
907 3590 1057 3644 sunt.
1118 3601 1302 3658 neque
1343 3587 1454 3645 hoc
1492 3586 1723 3644 mirum:
1784 3590 1911 3644 erat
1950 3585 2097 3643 enim
2139 3589 2368 3642 curator
2407 3589 2510 3643 aut
2548 3585 2647 3644 ille

424 3679 576 3754 ipse,
632 3680 730 3752 qui
772 3681 1022 3740 solverat
1059 3686 1334 3756 statuam,
1390 3687 1493 3740 aut
1533 3686 1803 3756 cognatus
1844 3685 1945 3739 aut
1983 3697 2180 3740 servus
2199 3681 2465 3745 tfortasse
2505 3683 2643 3744 eius.

424 3777 662 3836 dubium
705 3782 1017 3851 propterea
1057 3796 1179 3838 esse
1220 3796 1337 3838 non
1376 3779 1565 3850 debet,
1607 3779 1745 3851 quin
1784 3779 2060 3852 pecuniae
2097 3784 2163 3837 ut
2195 3779 2315 3838 iam
2352 3782 2546 3849 monui
2572 3782 2647 3840 ad

424 3876 820 3936 collocandum
882 3878 1106 3951 signum
1167 3878 1526 3938 necessariae
1586 3891 1874 3951 nunquam
1914 3894 1949 3937 a
1987 3878 2283 3951 republica
2322 3880 2422 3938 sed
2461 3879 2535 3988 ab
2577 3896 2645 3948 eo

424 3990 649 4048 semper
689 3977 788 4048 qui
827 3980 1138 4049 rogaverat
1177 3980 1422 4034 statuam
1464 3976 1771 4035 solvendae
1810 3975 2043 4071 fuerint.
2193 3989 2199 3994 ·

568 4188 611 4256 ¹)
649 4186 746 4243 cfr.
785 4203 974 4244 omnes
1011 4187 1126 4244 fere
1161 4186 1311 4243 tituli
1343 4186 1476 4243 inde
1512 4204 1546 4242 8
1583 4185 1644 4243 G.
1680 4187 1721 4243 Ι.
1755 4161 1822 4243 G.
1860 4185 1887 4241 I
1928 4186 2063 4242 1345
2100 4201 2273 4259 usque
2306 4188 2377 4243 ad
2415 4190 2551 4245 1456
2589 4192 2645 4246 et

430 4273 564 4333 Lab.
601 4275 659 4332 11
703 4276 846 4331 1759ι
881 4308 947 4318 -
986 4275 1128 4333 sun.
1164 4276 1191 4332 1
1226 4276 1348 4346 386,
1386 4277 1471 4346 14,
1509 4275 1621 4332 affl.

2222 4368 2283 4420 2,
