3226 5078
661 1286 768 1367 ne
825 1285 1313 1368 curatoribus
1369 1286 1803 1368 statuarum
1861 1286 2058 1389 apud
2118 1286 2477 1371 Graecos.

616 1641 742 1700 Hoc
786 1639 1014 1700 nomine
1065 1655 1163 1699 eos
1211 1637 1611 1713 significamus,
1663 1640 1866 1713 quibus
1919 1656 2126 1714 operae
2178 1646 2321 1713 erat,
2373 1647 2439 1700 ut
2485 1646 2680 1701 statua

456 1739 735 1811 quaedam
783 1740 908 1798 loco
960 1738 1271 1798 constituto
1332 1738 1731 1798 collocaretur.
1791 1738 1855 1795 in
1912 1738 2378 1812 inscriptionibus
2435 1739 2674 1812 graecis,

452 1851 598 1910 quae
638 1836 796 1897 solae
836 1836 960 1895 fere
999 1836 1094 1895 hic
1135 1835 1605 1908 contemplandae
1634 1839 1781 1907 sunt,
1833 1835 1970 1907 quia
1997 1851 2069 1893 ex
2093 1835 2310 1893 litteris
2336 1836 2562 1908 graecis
2603 1837 2676 1896 de

452 1933 814 1999 curatoribus
855 1950 1144 2008 perpauca
1184 1934 1468 2006 discimus,
1511 1933 1622 1991 hae
1662 1932 1736 1990 ad
1778 1949 1875 1992 eos
1915 1933 2205 2005 pertinent
2231 1931 2506 1993 formulae
2519 1933 2591 2002 ¹):

609 2031 938 2119 saepissime
994 2030 1208 2104 legitur
1268 2029 1690 2107 ἐπιμεληθέντος
1735 2032 1833 2107 τῆς
1884 2029 2228 2094 ἀναστάσεως
2268 2029 2360 2107 (C.
2403 2032 2447 2089 Ι.
2495 2032 2565 2092 G.
2614 2032 2677 2091 H

349 2130 355 2137 ’
451 2129 609 2187 2217
632 2161 704 2170 -
734 2127 917 2204 3430)
984 2128 1085 2188 sed
1114 2148 1122 2163 ·
1154 2128 1440 2187 interdum
1513 2129 1687 2203 etiam
1748 2128 2217 2206 ἑπιμελησαμένου
2270 2129 2552 2206 (Bullatin
2600 2131 2672 2189 de

450 2242 698 2299 corresp.
741 2226 878 2286 hell.
918 2226 981 2285 H
1015 2244 1071 2300 p.
1113 2226 1249 2297 523,
1293 2225 1328 2284 6
1354 2259 1427 2268 -
1452 2225 1554 2287 cfr.
1598 2225 1663 2287 G.
1691 2228 1738 2286 Ι.
1779 2226 1852 2287 G.
1889 2227 1949 2285 Π
1989 2227 2172 2303 2802)
2215 2233 2274 2287 et
2314 2225 2674 2304 ἐπιμελητεό-

449 2345 604 2388 οντος
664 2322 753 2400 (C.
801 2325 846 2382 Ι.
893 2324 961 2384 G.
1025 2325 1055 2382 Ι
1106 2324 1257 2382 1713
1302 2356 1377 2367 -
1420 2324 1483 2383 Π
1522 2325 1676 2383 2371
1722 2356 1798 2367 -
1838 2320 2031 2402 Ἀθήν.
2075 2325 2145 2396 V,
2209 2325 2244 2384 9
2291 2357 2364 2368 --
2397 2325 2463 2398 V,
2531 2324 2673 2401 323)

445 2419 550 2479 ὑπὸ
592 2419 740 2499 (τὴν)
782 2420 1087 2498 ἐπιμέλειαν
1138 2421 1279 2497 (11011
1326 2420 1438 2479 nisi
1478 2420 1730 2493 Megaris
1773 2419 1835 2479 C.
1880 2420 1930 2482 Ι.
1977 2420 2043 2479 G.
2088 2422 2118 2479 Ι
2163 2422 2554 2481 1074-1078
2596 2455 2673 2466 -

444 2518 634 2580 Lebas
673 2520 732 2579 H
773 2519 1235 2596 48—49—50)
1270 2519 1444 2579 semel
1495 2515 1555 2577 δι’
1600 2516 1908 2594 ἐπιμελείας
1949 2516 2038 2595 (O.
2082 2516 2128 2576 I.
2175 2517 2244 2578 G.
2286 2517 2378 2577 ΠΙ
2415 2518 2574 2579 4150
2612 2520 2672 2581 b.
2722 2554 2728 2561 ·

444 2617 624 2694 add.)
677 2635 956 2692 persaepe
1006 2620 1179 2677 etiam
1221 2618 1436 2677 dicitur
1473 2615 1918 2695 προνοησαμένου
1959 2619 2057 2693 τῆς
2097 2613 2441 2680 ἀναστάσεως
2480 2616 2573 2691 (ut
2609 2617 2673 2675 in

445 2713 511 2773 O.
553 2716 598 2775 I.
646 2715 712 2774 G.
753 2716 813 2774 Π
842 2717 1230 2777 2929-3421
1279 2748 1350 2759 -
1394 2716 1590 2773 Revue
1631 2713 1879 2774 archeol.
1924 2714 2018 2781 28,
2053 2716 2165 2772 110
2197 2746 2270 2754 -
2298 2711 2451 2774 Bull.
2477 2714 2525 2788 I,
2571 2715 2667 2788 85,

445 2810 547 2889 24)
572 2845 673 2870 .—
722 2813 945 2892 προνοίᾳ
992 2813 1085 2890 (O.
1125 2813 1173 2873 I.
1222 2814 1294 2874 A.
1342 2814 1432 2874 III
1480 2813 1625 2888 635)
1665 2845 1738 2853 —
1780 2810 1866 2870 διὰ
1903 2814 2000 2889 τῆς
2040 2810 2292 2890 προνοίας
2356 2810 2459 2888 (C.
2494 2812 2542 2872 L
2589 2810 2666 2870 A.

440 2909 535 2969 III
574 2909 719 2986 556)
747 2943 823 2953 —
850 2910 949 2988 τὴν
990 2909 1241 2989 πρόνοιαν
1283 2897 1648 2985 ποιήσαμένου
1690 2907 1779 2985 (O.
1823 2909 1869 2968 I.
1916 2909 1986 2969 G.
2026 2909 2089 2967 H
2127 2907 2310 2984 2457)
2340 2941 2416 2951 —
2445 2906 2671 2969 ἐπισκο-

440 3005 644 3084 πούσης
685 3007 790 3083 (sc.
834 3011 1005 3086 φυλῆς
1030 3008 1175 3069 Leb.
1205 3008 1294 3066 III
1322 3007 1522 3082 2308).
1568 3022 1684 3065 non
1724 3021 1858 3065 raro
1900 3005 2041 3078 sola,
2085 3003 2198 3081 ‘aa‘
2241 3007 2666 3080 praepositione

436 3106 588 3165 idem
616 3105 972 3179 significatur
999 3105 1175 3182 (Bull.
1207 3104 1311 3177 IV,
1342 3105 1459 3163 442
1487 3136 1563 3146 -
1594 3103 1659 3165 Ο.
1686 3103 1736 3163 Ι.
1766 3104 1838 3163 A.
1866 3103 1954 3162 III
1980 3091 2296 3162 472-4'75
2319 3136 2396 3147 —
2420 3103 2483 3164 C.
2519 3105 2566 3162 Ι.
2593 3105 2667 3165 G.

439 3204 470 3263 I
521 3203 719 3279 1323),
779 3208 846 3261 ut
893 3220 999 3277 per
1045 3202 1468 3276 praepositione
1510 3202 1665 3275 apud
1712 3200 1950 3260 Latinos
2001 3198 2091 3276 (C.
2145 3201 2190 3260 Ι.
2245 3200 2323 3260 A.
2371 3200 2462 3261 111
2501 3201 2666 3277 471).

439 3300 702 3374 iungitur
740 3301 915 3388 etiam
967 3300 1052 3360 διὰ
1092 3300 1419 3378 ἐπιμελητοῦ
1465 3300 1556 3378 (C.
1598 3301 1647 3360 Ι.
1692 3300 1761 3360 G.
1809 3299 1842 3359 Ι
1896 3298 2153 3359 340—0.
2184 3299 2235 3359 I.
2263 3300 2333 3358 A.
2363 3299 2458 3359 III
2491 3300 2664 3376 473);

439 3398 530 3458 bis
569 3397 673 3456 ὑπὸ
726 3398 1055 3477 ἐπιμελητὴν
1105 3398 1394 3458 invenitur
1453 3397 1692 3474 (Bullet.
1735 3397 1805 3470 V,
1868 3398 1990 3456 444
2043 3401 2103 3454 et
2152 3394 2316 3473 445).
2376 3397 2668 3457 interdum

440 3500 637 3556 autem
684 3501 918 3555 curator
958 3494 1244 3572 ἐπιστάτης
1277 3500 1520 3555 vocatur
1556 3495 1721 3571 (Leb.
1756 3494 1819 3553 H
1860 3495 2010 3552 116a
2032 3525 2103 3536 -
2130 3493 2191 3553 C.
2224 3494 2272 3555 I.
2291 3492 2367 3552 A.
2391 3494 2421 3552 I
2450 3495 2567 3553 318
2590 3528 2663 3536 —

437 3592 712 3667 Rangabe
761 3598 879 3655 ant.
930 3593 1063 3653 hell.
1129 3591 1272 3668 689)
1337 3593 1646 3664 eodemque
1697 3608 1864 3651 sensu
1924 3588 2218 3649 ἐπιστατεῖν
2278 3591 2514 3651 verbum
2553 3591 2665 3650 ad-

438 3691 683 3751 hibitum
726 3696 815 3751 est
863 3692 924 3750 in
964 3690 1135 3751 schol.
1192 3691 1252 3749 in
1289 3690 1585 3762 Aristoph.
1623 3688 1760 3747 Pae.
1815 3688 1949 3748 605.
2015 3688 2085 3748 de
2126 3688 2665 3767 ἐργεπιστατήσαντος

436 3804 579 3849 voce
617 3794 821 3863 postea
859 3790 1030 3862 plura
1069 3804 1430 3862 exponemus.

597 3903 800 3947 munus
839 3893 1031 3946 autem
1071 3892 1398 3946 curatorum
1436 3886 1769 3960 plerumque
1830 3900 1969 3943 cura
2038 3883 2383 3949 ἀναστάσεως
2443 3885 2661 3944 dicitur

439 3984 529 4062 (G.
570 3986 619 4045 I.
661 3985 730 4045 G.
772 3985 832 4044 H
873 3986 1267 4046 2787-2930
1305 3986 1342 4042 b
1385 3983 1542 4057 add.)
1581 3983 1681 4041 vel
1722 3980 2030 4045 ἀναθέσεως
2074 3981 2163 4058 (Ο.
2205 3982 2265 4041 Ι.
2304 3983 2371 4043 G.
2414 3982 2444 4041 1
2479 3981 2656 4058 435);

436 4083 842 4142 recentissims
901 4083 1129 4143 demum
1179 4081 1459 4142 Graeciae
1513 4079 1865 4154 temporibus
1925 4080 2101 4138 etiam
2150 4079 2299 4159 ἀρχῇ
2355 4095 2496 4139 voce
2544 4079 2659 4137 hoc

578 4242 627 4309 ¹)
663 4240 1059 4297 usitatissimas
1095 4239 1260 4297 modo
1298 4241 1397 4295 aut
1430 4237 1738 4309 singulares
1774 4235 2043 4309 quasdam
2077 4236 2168 4294 hic
2203 4235 2445 4358 afferam.

2233 4329 2264 4379 1
