3226 5078
1459 544 1904 608 „22-

565 744 715 800 sunt.
793 739 998 797 horum
1059 742 1251 797 autem
1301 738 1451 798 alter
1496 739 1716 812 legitur
1763 738 1824 797 in
1866 736 1927 797 O.
1970 738 2021 797 Ι.
2062 738 2132 795 A.
2176 737 2234 796 II
2279 737 2389 795 251
2409 780 2424 804 ‚
2486 735 2792 809 agiturque

564 838 625 896 in
666 854 735 897 eo
776 837 847 897 de
885 836 1237 912 Asclepiade
1264 837 1587 911 Byzantino
1631 837 1846 910 optime
1887 836 1959 896 de
1990 834 2230 896 Graecis
2270 838 2447 908 atque
2489 833 2560 892 de
2598 830 2791 893 Athe-

566 934 854 1001 niensibus
893 935 1117 995 merito,
1200 935 1292 994 cui
1330 938 1397 993 ut
1446 935 1693 1010 gratiam
1734 939 2045 1009 propterea
2070 932 2361 992 referrent
2385 931 2789 1003 Athenienses,

455 1036 460 1042 ’
566 1048 832 1093 coronam
872 1037 1228 1106 statuamque
1269 1033 1673 1093 decreverunt:
1718 1037 1776 1092 et
1816 1048 2085 1092 coronam
2112 1030 2386 1104 Byzantii
2424 1027 2790 1102 pronuntiari

566 1134 925 1203 statuamque
963 1129 1176 1189 ibidem
1219 1129 1494 1189 collocari
1531 1130 1769 1203 placuit.
1827 1146 1942 1202 qua
1981 1130 2053 1188 de
2083 1145 2261 1189 causa
2287 1133 2408 1186 tres
2436 1127 2589 1187 cives
2615 1126 2794 1185 Athe·

565 1229 790 1288 nienses
849 1228 909 1286 in
972 1228 1238 1287 contione
1298 1243 1401 1300 per
1442 1227 1819 1287 chirotoniam
1863 1228 2033 1286 electi
2075 1232 2207 1287 sunt
2220 1271 2234 1299 ,
2269 1226 2379 1301 qui
2420 1241 2633 1284 corona
2673 1227 2795 1283 sta-

567 1332 778 1401 tuaque
844 1324 1116 1400 perfectis
1174 1325 1518 1398 Byzantium
1580 1341 1644 1384 se
1704 1323 2031 1384 conferrent
2089 1328 2491 1399 peterentque,
2555 1327 2622 1381 ut
2683 1320 2795 1380 sibi

566 1425 1004 1484 Atheniensium
1064 1425 1170 1483 illa
1229 1425 1500 1486 mandata
1565 1424 1801 1496 exsequi
1849 1424 2070 1485 liceret.
2152 1424 2301 1484 alter
2343 1423 2549 1483 deinde
2589 1421 2795 1481 titulus

567 1524 707 1582 item
746 1522 1185 1582 Atheniensium
1230 1522 1521 1582 decretum
1564 1528 1670 1591 est,
1713 1522 1813 1595 qui
1853 1522 1925 1583 L.
1970 1520 2221 1582 Caecilio
2261 1522 2501 1582 Metello
2542 1521 2603 1579 in
2642 1522 2793 1581 Paro

565 1622 753 1682 insula
792 1624 1046 1680 statuam
1087 1620 1493 1680 dedicaverant
1539 1618 1762 1697 (Ἄθήν.
1791 1618 1864 1680 V.
1911 1619 2003 1696 9);
2065 1625 2377 1693 propterea
2397 1623 2609 1679 autem
2648 1619 2793 1680 Pro-

567 1719 768 1782 timum
825 1719 1137 1792 quendam,
1202 1719 1302 1792 qui
1362 1718 1702 1792 epimeletae
1717 1718 1762 1794 ¹)
1823 1734 2058 1777 munere
2120 1718 2364 1778 Athenis
2432 1716 2792 1791 fungebatur,

568 1818 733 1891 signo
774 1823 835 1876 et
872 1815 1214 1891 perficiendo
1257 1820 1317 1876 et
1358 1816 1691 1876 collocando
1731 1821 2202 1890 praeposuerunt.
2268 1816 2447 1875 ceteri
2477 1833 2669 1876 omnes
2695 1818 2793 1889 qui

568 1915 682 1975 huc
741 1915 1031 1988 pertinent
1091 1914 1249 1973 tituli
1309 1914 1492 1974 altero
1552 1914 1780 1973 demum
1829 1931 1887 1987 p.
1929 1912 1996 1974 C.
2060 1914 2288 1973 saeculo
2353 1914 2579 1974 exarati
2642 1920 2793 1974 sunt.

569 2014 727 2072 velut
765 2012 1084 2073 Antonium
1133 2012 1208 2071 ab
1248 2011 1711 2085 Apolloniatibus
1750 2011 1811 2070 in
1849 2011 2050 2070 Attica
2092 2011 2433 2071 collocatum
2473 2027 2599 2070 esse
2641 2028 2796 2073 com—

569 2111 821 2183 perimus
866 2110 956 2186 (C.
997 2111 1043 2169 1.
1087 2109 1163 2169 G.
1205 2110 1235 2166 I
1279 2109 1449 2185 351);
1490 2109 1792 2189 inscriptio
1835 2113 2026 2169 autem
2069 2110 2212 2169 haec
2255 2126 2382 2168 cum
2409 2110 2562 2170 inter
2587 2109 2798 2168 rudera

573 2207 799 2268 Cereris
864 2212 925 2267 et
971 2206 1351 2280 Proserpinae
1411 2206 1613 2279 templi
1677 2212 1911 2279 reperta
1957 2207 2058 2280 sit,
2125 2206 2367 2267 fortasse
2420 2207 2613 2280 colligi
2661 2206 2797 2267 inde

571 2306 779 2379 potest,
823 2305 1043 2379 signum
1083 2306 1146 2363 in
1184 2305 1294 2364 hoc
1320 2305 1533 2378 templo
1561 2304 1811 2377 positum
1839 2304 1979 2364 olim
2003 2304 2199 2366 fuisse.
2267 2309 2576 2364 curaverat
2602 2310 2796 2366 autem

569 2404 765 2463 Julius
803 2403 1023 2473 Praxis‚
1064 2401 1383 2463 Panhellen
1422 2402 1764 2476 appellatus,
1809 2403 1865 2461 h.
1912 2418 1960 2461 e.
2002 2403 2230 2476 legatus
2269 2402 2390 2462 sive
2449 2404 2684 2463 theorus
2722 2404 2802 2464 ad

570 2502 941 2564 Panhellenia
978 2501 1223 2562 Athenis
1264 2501 1336 2561 ab
1377 2501 1670 2562 Hadriano
1711 2501 1977 2564 instituta
2016 2501 2239 2562 missus.
2298 2518 2474 2560 unum
2514 2501 2653 2562 item
2696 2518 2796 2560 cu-

570 2606 823 2662 ratorem
862 2602 922 2660 in
963 2600 1028 2660 C.
1070 2602 1118 2661 I.
1158 2601 1227 2660 G.
1254 2600 1344 2659 III
1386 2601 1540 2660 5366
1561 2601 1599 2658 b
1643 2600 1813 2659 titulo
1855 2600 2191 2674 invenimus,
2233 2600 2296 2658 in
2335 2616 2447 2673 quo
2490 2599 2800 2674 exponitur

570 2699 642 2758 de
684 2694 903 2769 statua,
958 2715 1130 2773 quam
1178 2703 1408 2759 senatus
1459 2699 1816 2773 populusque
1866 2699 2265 2758 Adraenorum
2322 2700 2478 2761 Julio
2517 2697 2795 2771 Gemmm,

577 2796 985 2857 constantinae
1043 2797 1201 2855 urbis
1262 2796 1404 2870 civi,
1469 2797 1531 2855 in
1579 2798 1689 2856 hac
1736 2797 1866 2870 ipsa
1912 2797 2054 2858 urbe
2115 2798 2341 2871 erigere
2403 2798 2793 2859 decreverant.

575 2894 950 2967 similiterque
989 2893 1381 2968 Tripolitanos
1419 2894 1656 2953 Aemilii
1695 2895 1867 2954 Junci
1907 2899 2155 2954 statuam
2190 2894 2436 2955 Athenis
2477 2912 2583 2970 per
2623 2911 2797 2954 unum

575 2991 897 3066 ponendam
959 3008 1189 3052 curasse
1241 2991 1498 3065 legatum
1550 2997 1776 3051 constat
1827 2991 2021 3067 (O..1.
2062 2992 2140 3052 A.
2195 2993 2287 3052 ΠΙ
2328 2991 2491 3068 622).
2572 2991 2801 3053 Herodi

575 3089 783 3150 deinde
832 3089 1029 3150 Attico
1042 3133 1058 3162 ,
1121 3090 1492 3151 celeberrimo
1551 3091 1640 3149 illi
1699 3091 2008 3165 sophistae,
2075 3091 2275 3165 Gythii
2337 3093 2493 3151 cives
2546 3096 2799 3153 statuam

574 3187 824 3254 Athenis
873 3204 1095 3263 ,ponere
1156 3188 1598 3259 constituerunt3
1664 3188 1765 3249 6611
1825 3189 1887 3247 111
1945 3188 2174 3261 quidem
2236 3189 2484 3262 quinque
2534 3189 2609 3249 ob
2648 3189 2799 3249 hanc

577 3301 803 3348 causam
841 3286 1065 3359 legatos
1103 3287 1361 3348 Athenas
1399 3287 1679 3346 miserunt
1718 3285 1809 3362 (C.
1852 3287 1898 3347 I.
1939 3288 2012 3348 A.
2053 3286 2145 3346 III
2187 3286 2351 3361 668).

734 3371 847 3443 Hic
915 3389 1104 3444 autem
1166 3385 1351 3444 honor
1416 3384 1750 3458 saepissime
1811 3385 2107 3445 Hadriano
2173 3385 2297 3460 regi
2365 3384 2616 3444 tributus
2685 3390 2791 3457 est,

578 3498 745 3555 quem
784 3486 984 3541 notum
1024 3485 1112 3541 est
1137 3482 1388 3556 Olympii
1428 3484 1465 3543 J
1466 3482 1591 3543 ovis
1629 3482 1775 3543 illud
1812 3484 2103 3557 templum,
2147 3482 2297 3557 quod
2336 3483 2451 3542 iam
2488 3481 2792 3542 Pisistrati

575 3579 927 3653 temporibus
965 3577 1257 3642 aedificari
1296 3586 1560 3655 coeptum
1601 3582 1789 3642 adhuc
1827 3582 2226 3655 imperfectum
2266 3580 2518 3653 iacebat,
2584 3580 2663 3639 de·
2693 3597 2801 3639 sua

575 3676 823 3750 pecunia
862 3677 1269 3737 exstruendum
1295 3683 1467 3753 atque
1493 3679 1879 3739 exornandum
1907 3676 2208 3754 curasse.²)
2270 3679 2597 3751 accedebat,
2642 3678 2800 3751 qnod

576 3790 690 3833 non
728 3773 1173 3835 Atheniensibus
1213 3776 1381 3835 modo
1423 3777 1523 3836 sed
1562 3777 1843 3837 universis
1885 3777 2058 3835 etiam
2101 3776 2337 3835 Graecis
2376 3781 2650 3847 quantum
2690 3790 2799 3850 po-

578 3875 755 3943 terat,
808 3870 1042 3931 favebat
1091 3876 1262 3946 atque
1312 3873 1702 3934 subveniebat.
1787 3879 2137 3947 quapropter
2185 3872 2388 3931 summi
2443 3873 2497 3931 ei
2551 3872 2798 3931 honores

577 3967 763 4029 habiti
804 3975 865 4028 et
904 3985 940 4028 a
979 3970 1176 4029 multis
1219 3970 1500 4031 Graeciae
1529 3969 1860 4030 civitatibus
1887 3971 2110 4031 statuae
2141 3969 2441 4029 dedicatae
2468 3975 2618 4039 sunt,
2660 3985 2800 4043 qua-

721 4181 765 4252 1)
800 4181 910 4238 vid.
943 4196 998 4252 p.
1040 4181 1125 4240 12.

720 4270 762 4340 ²)
794 4269 961 4328 Paus.
996 4272 1040 4341 Ι,
1082 4272 1166 4340 18,
1210 4271 1260 4327 6.
