3226 5078
1308 476 1732 566 ...31-

411 714 516 771 pro
577 702 735 756 certo
796 712 1092 770 possumus
1154 694 1463 756 affirmare,
1551 711 1697 767 quae
1747 698 2012 754 servatae
2062 691 2226 752 nobis
2288 695 2421 750 sunt
2469 692 2642 749 huius

417 795 642 870 generis
667 794 1086 867 inscriptiones,
1130 793 1309 853 etiam
1335 794 1442 853 hae
1469 793 1544 852 ad
1584 810 1755 852 unam
1782 808 1976 852 omnes
2001 793 2389 871 Romanorum
2416 788 2640 848 demum

416 893 826 966 imperatorum
852 892 1203 966 temporibus
1245 898 1519 951 exaratae
1546 897 1696 952 sunt.
1768 908 1837 951 ac
1861 891 2110 964 primum
2150 888 2380 961 quidem
2406 886 2637 970 Aphro-

419 990 754 1050 disiensium
816 1005 1322 1050 commemoramus
1383 990 1677 1049 decretum
1726 988 1914 1065 (μουσ.
1968 987 2121 1047 1880
2180 1002 2234 1059 p.
2292 986 2422 1058 180,
2477 984 2637 1060 367),

417 1089 478 1146 in
518 1104 630 1160 quo
672 1107 709 1148 a
749 1089 968 1149 civibus
1007 1087 1362 1161 Vespasiano
1404 1088 1653 1147 statuam
1693 1087 1941 1146 dicatam
1982 1101 2110 1145 esse
2147 1084 2386 1158 legimus
2421 1083 2638 1156 Ephesi

418 1185 481 1243 in
527 1184 917 1258 Augustorum
970 1186 1189 1265 ,templo
1241 1185 1656 1254 collocandam,
1720 1186 1812 1244 cui
1871 1184 1957 1243 rei
2018 1183 2368 1242 consuluerit
2413 1180 2634 1253 Aristo,

416 1282 678 1342 Plutonis
746 1288 805 1342 et
861 1284 1240 1357 Proserpinae
1301 1283 1592 1357 sacerdos,
1657 1283 1756 1355 qui
1816 1287 2117 1357 praeterea
2175 1278 2482 1354 vem-teotoc‘)
2543 1282 2640 1356 τῆς

427 1379 766 1459 Αφροδείτης
813 1387 1071 1441 vocatur.
1162 1396 1346 1454 neque
1394 1382 1481 1440 ita
1535 1381 1716 1440 multo
1766 1386 1899 1456 post
1949 1379 2246 1438 Hadriano
2296 1379 2632 1451 imperatori

416 1478 489 1536 ab
517 1479 1033 1552 Amphictyonibus
1057 1478 1300 1553 Delphis
1346 1483 1625 1538 statutum
1668 1483 1756 1538 est
1797 1479 2018 1552 signum
2060 1475 2152 1553 (O.
2180 1477 2227 1536 Ι.
2259 1476 2327 1536 G.
2357 1476 2388 1534 I
2432 1474 2632 1550 1713),

413 1574 567 1646 quod
588 1608 593 1617 -
615 1581 684 1634 ut
735 1577 1139 1650 collocaretur,
1190 1576 1561 1649 Plutarchus,
1616 1577 1883 1636 sacerdos
1931 1574 2252 1648 Delphicus
2266 1618 2281 1647 ,
2333 1573 2634 1632 consuluit.

410 1671 658 1732 Athenis
700 1674 941 1746 denique
981 1675 1044 1732 in
1083 1674 1398 1748 Aesculapi
1437 1675 1650 1748 templo
1691 1675 1853 1741 brevi
1892 1678 2025 1733 ante
2066 1672 2363 1745 inscriptio
2404 1676 2638 1744 reperta

410 1776 514 1844 est,
559 1789 631 1832 ex
672 1789 784 1845 qua
823 1789 860 1831 a
899 1779 1105 1832 senatu
1144 1772 1471 1845 populoque
1497 1773 1733 1832 Sozonti
1773 1771 2000 1830 cuidam
2042 1770 2281 1842 medico,
2322 1769 2423 1842 qui
2451 1785 2638 1828 sacer·

411 1869 566 1929 (lotio
607 1871 668 1928 in
693 1870 795 1929 illo
808 1870 1173 1944 -fungebatur
1197 1872 1432 1944 templo,
1474 1870 1730 1929 hermam
1758 1871 1839 1928 ibi
1866 1870 2193 1929 dedicatum
2220 1885 2344 1928 esse
2371 1872 2636 1943 apparet:

410 1972 715 2027 curaverat
734 1972 926 2026 autem
945 1968 1057 2027 hoc
1083 1968 1310 2040 signum
1332 1966 1619 2040 Coponius
1638 1966 1941 2040 Maximus,
1974 1967 2071 2039 qui
2091 1966 2213 2039 ipse
2234 1964 2636 2044 ἱεροκήρυκοθ)

411 2064 635 2122 muneri
674 2070 944 2137 praeerat
985 2062 1205 2141 (Ἂθήν.
1248 2065 1301 2124 V
1343 2063 1504 2141 323).
1583 2064 1695 2123 hae
1735 2069 1928 2124 autem
1967 2065 2169 2124 unicae
2220 2068 2354 2122 sunt
2391 2065 2637 2137 inscrip-

418 2162 623 2235 tiones,
678 2178 750 2221 ex
789 2162 996 2234 quibus
1044 2162 1145 2220 ubi
1185 2163 1375 2236 posita
1414 2162 1488 2221 sit
1529 2165 1722 2220 statua
1760 2177 1796 2220 a
1844 2178 2006 2221 sacro
2049 2166 2316 2221 curatore
2358 2162 2638 2221 collocata

414 2260 587 2333 plane
626 2259 1030 2336 comperimus3
1072 2264 1317 2332 apparet
1354 2264 1546 2319 autem
1586 2277 1658 2318 ex
1698 2259 1790 2333 iis,
1847 2259 2054 2319 statuis
2094 2260 2156 2318 in
2205 2259 2421 2333 templo
2464 2261 2636 2318 collo-

412 2357 608 2417 candis
648 2358 974 2417 sacerdotes
1024 2357 1403 2427 consuluisse,
1457 2357 1561 2416 sed
1608 2374 1724 2416 non
1773 2358 2029 2417 eiusdem
2068 2358 2238 2417 modo
2291 2356 2410 2416 fani
2450 2375 2637 2418 sacer-

412 2456 588 2528 dotes,
631 2455 692 2513 in
733 2471 845 2527 quo
886 2456 1251 2515 statuendum
1291 2459 1419 2514 erat
1459 2456 1702 2529 signum.
1785 2472 1899 2515 non
1938 2456 2451 2530 praetermittimus
2491 2457 2635 2514 alias

415 2552 689 2624 quasdam
736 2553 1156 2627 inscriptiones,
1212 2555 1274 2612 in
1320 2553 1526 2627 quibus
1575 2570 1920 2626 quamquam
1971 2554 2044 2613 de
2095 2553 2225 2612 loco
2275 2554 2445 2626 plane
2501 2554 2646 2612 nihil

417 2649 634 2708 dictum
683 2654 787 2724 est,
842 2655 1033 2710 tamen
1082 2653 1181 2710 ubi
1229 2652 1449 2726 positae
1496 2652 1716 2711 fuerint
1763 2657 1988 2712 statuae
2040 2652 2325 2726 probabili
2374 2652 2643 2723 consequi

417 2762 714 2820 possumus
755 2748 1100 2809 coniectura.
1184 2755 1245 2808 et
1283 2750 1680 2823 antiquissima
1726 2751 1953 2822 quidem
1994 2750 2054 2808 in
2095 2751 2160 2811 O.
2201 2752 2246 2809 1.
2290 2750 2362 2811 A.
2390 2750 2483 2810 ΠΙ
2526 2752 2643 2810 454

420 2849 634 2914 exstat,
701 2846 762 2903 in
826 2845 954 2906 basi
998 2847 1290 2920 inscripta
1357 2854 1586 2907 statuae
1648 2848 1883 2908 Tiberio
1951 2866 1988 2907 a
2048 2853 2252 2908 senatu
2318 2849 2642 2922 populoque

414 2942 849 3002 Atheniensium
890 2944 1146 3011 dicatae;
1189 2946 1259 3004 de
1299 2946 1426 3006 loco
1469 2962 1811 3018 quamquam
1838 2947 2160 3006 accuratius
2201 2946 2342 3004 nihil
2383 2946 2642 3005 additum

415 3045 528 3113 est,
591 3045 783 3100 tamen
832 3042 895 3100 in
933 3026 1161 3102 Cereris
1212 3043 1349 3102 olim
1409 3049 1468 3104 et
1514 3044 1895 3118 Proserpinae
1948 3046 2164 3117 templo
2216 3045 2465 3118 positam
2515 3061 2643 3103 eam

411 3136 588 3197 fnisse
614 3138 732 3197 iam
758 3140 1238 3215 Dittenbergerus
1274 3146 1432 3201 recte
1462 3142 1829 3201 existimavit.
1895 3137 2121 3200 cu‘ravit
2147 3145 2338 3200 autem
2379 3141 2643 3201 sacerdos

416 3235 664 3309 quidam,
716 3253 851 3295 num
902 3237 1312 3313 Augustorum,
1366 3239 1680 3298 dubitatur.
1773 3238 2033 3310 sequitur
2085 3239 2493 3298 Sardianorum
2545 3238 2641 3297 de-

416 3338 635 3392 cretum
674 3333 845 3409 (Leb.
884 3333 980 3393 ΠΙ
1022 3334 1182 3411 627),
1226 3335 1380 3408 quod
1424 3337 1794 3409 permutilum
1836 3336 2058 3409 expleri
2106 3342 2300 3395 tamen
2339 3340 2533 3409 potest
2572 3353 2641 3395 ex

415 3431 785 3504 inscriptione
811 3430 1009 3503 latina,
1059 3449 1207 3504 quae
1248 3433 1401 3506 apud
1427 3433 1708 3492 Orellium
1736 3433 1945 3511 (6913)
1977 3438 2184 3494 exstat.
2227 3439 2288 3492 et
2315 3433 2644 3493 decernitur

417 3529 646 3601 quidem
702 3529 775 3588 ab
836 3529 978 3589 urbe
1039 3534 1233 3590 statua
1290 3531 1485 3605 legato
1546 3535 1920 3610 propraetore
1969 3531 2337 3605 Vespasiani,
2404 3535 2644 3590 curante

559 3777 606 3845 ¹)
641 3776 769 3832 vide
805 3775 874 3831 de
908 3776 993 3831 his
1029 3776 1250 3834 Fabric.
1286 3776 1356 3836 de
1393 3777 1680 3834 architect.
1716 3793 1795 3847 gr.
1834 3777 2016 3834 Berol.
2061 3778 2195 3833 1881
2236 3795 2291 3849 p.
2330 3781 2398 3836 25
2433 3784 2556 3838 not.
2585 3787 2643 3849 13

418 3866 514 3921 cfr.
552 3864 784 3921 Friedlr.
820 3866 1045 3937 sitteng.
1098 3866 1179 3921 III
1213 3881 1272 3935 p.
1314 3865 1438 3935 236,
1495 3869 1524 3922 1
1580 3868 1637 3922 et
1682 3864 1744 3924 G.
1778 3866 1823 3923 Ι.
1860 3868 1930 3926 Α.
1975 3867 2034 3923 ΙΙ
2068 3868 2173 3923 403
2218 3869 2255 3925 l.
2296 3870 2391 3925 28:
2448 3867 2645 3942 ἀρχιτέ-

417 3971 593 4014 κτονος
639 3958 729 4007 τοῦ
768 3946 850 4008 ἐπὶ
891 3952 958 4007 τὰ
993 3952 1119 4028 ἱεροί.
1190 3954 1322 4011 inde
1375 3954 1604 4011 dubium
1659 3972 1781 4011 esee
1833 3972 1950 4013 non
2004 3959 2206 4029 potest,
2262 3958 2396 4032 quin
2449 3960 2648 4030 templi

420 4042 821 4113 quodammodo
868 4042 1226 4114 intellegendi
1270 4044 1383 4099 sint
1429 4046 1729 4111 curatores,
1784 4046 1880 4117 qui
1923 4046 1971 4102 si
2019 4062 2158 4117 quae
2203 4046 2418 4103 delubri
2453 4050 2642 4118 partes

424 4131 604 4188 labem
639 4132 958 4202 naxissent,
994 4131 1371 4189 restaurandis
1410 4134 1601 4188 statim
1636 4134 1708 4190 iis
1746 4134 2088 4191 consuluisse
2122 4134 2393 4191 videntur.

559 4220 606 4289 ²)
642 4219 711 4276 de
745 4219 852 4276 hoc
887 4236 1113 4277 munere
1152 4219 1261 4276 vid.
1302 4218 1635 4292 Schomann,
1679 4220 1859 4279 altert.
1894 4222 1971 4279 11⁸
2005 4223 2128 4280 419.
