3226 5078
1404 521 1841 582 ..11—

658 712 939 786 Persaepe
980 692 1264 773 archontes
1303 713 1437 773 huic
1476 715 1703 774 muneri
1739 714 2057 789 praefuisse
2098 717 2493 789 comperimus.
2548 717 2722 776 inter-

509 809 641 868 dum
689 826 882 870 omnes
933 812 1101 873 electi
1150 827 1272 871 esse
1331 811 1620 882 videntur,
1681 810 1841 871 vehit
1885 813 2133 872 Aezanis
2194 812 2359 890 (Leb.
2412 815 2518 885 111,
2562 812 2726 885 988),

502 907 784 980 Synnadis
823 909 1046 986 (Revue
1076 909 1168 982 31,
1198 926 1255 983 p.
1290 910 1401 969 195
1430 914 1492 968 et
1521 907 1690 983 198);
1734 911 1982 983 quinque
2008 911 2428 984 Aphrodisiade
2456 918 2723 972 curantes

499 1005 760 1065 videmus
799 1007 969 1084 (Leb.
1012 1008 1121 1079 HI,
1166 1005 1365 1083 1623),
1408 1011 1528 1067 tres
1554 1008 1827 1081 Erythris
1856 1008 2024 1084 (Leb.
2068 1009 2176 1080 HI,
2228 1010 2332 1087 53)
2360 1013 2418 1069 et
2444 1011 2505 1068 in
2532 1010 2725 1069 Thera

502 1102 691 1163 insula
741 1103 835 1179 (C.
887 1105 936 1162 I.
988 1102 1059 1164 Gr.
1111 1105 1189 1175 H,
1242 1103 1442 1180 2455),
1507 1105 1650 1164 duos
1700 1105 1893 1179 Cyzici
1945 1105 2037 1183 (G.
2079 1107 2123 1166 L
2180 1105 2247 1166 Gr.
2293 1108 2366 1180 H,
2433 1107 2615 1183 3667)
2666 1113 2728 1168 et

502 1200 667 1261 Otroi
706 1202 766 1261 iu
813 1201 956 1261 urhe
996 1203 1281 1277 Phrygiae
1321 1202 1498 1279 (Bull.
1547 1204 1701 1264 1882
1741 1220 1799 1277 p.
1841 1203 2010 1280 517);
2051 1204 2304 1264 incertus
2355 1221 2622 1265 numerus
2662 1205 2725 1263 in

501 1298 674 1357 titulo
714 1300 776 1357 in
816 1299 1032 1360 Tauria
1069 1303 1298 1375 reperto
1340 1305 1815 1362 commemoratur
1860 1301 2037 1378 (Bull.
2081 1302 2150 1373 V,
2175 1303 2271 1375 74,
2301 1318 2356 1361 v.
2401 1301 2523 1377 49).
2568 1303 2724 1362 haud

497 1412 631 1455 raro
674 1401 863 1456 autem
904 1414 1151 1459 summus
1191 1398 1358 1457 modo
1399 1400 1613 1458 archon
1653 1403 1906 1458 statuam
1945 1398 2338 1459 collocandam
2379 1400 2615 1472 curavit,
2658 1407 2725 1460 ut

500 1498 743 1567 apparet
797 1511 868 1553 ex
913 1495 1378 1568 inscriptionibus
1430 1496 1494 1558 O.
1544 1497 1596 1558 I.
1648 1496 1722 1557 G.
1773 1497 1851 1570 H,
1905 1497 2060 1557 2457
2115 1497 2204 1572 (in
2250 1496 2448 1556 Thera
2508 1498 2725 1573 insula)

505 1596 567 1649 et
611 1591 768 1652 Bull.
815 1592 894 1664 H,
945 1610 1002 1667 p.
1054 1595 1191 1665 403,
1246 1596 1282 1654 3
1324 1593 1748 1670 (Traianopoli)
1811 1598 1871 1654 et
1914 1593 2072 1654 Bull.
2115 1593 2192 1664 ΙΙ,
2244 1610 2301 1668 p.
2354 1594 2492 1664 523,
2548 1595 2584 1652 6
2639 1594 2724 1671 (in

501 1688 657 1749 Melo
697 1688 925 1766 insula),
970 1707 1080 1765 quo
1120 1692 1183 1750 in
1224 1691 1391 1753 titulo
1432 1692 1584 1751 idem
1627 1697 1687 1751 et
1726 1691 1995 1751 sacerdos
2047 1695 2108 1750 et
2145 1690 2403 1764 pontifex
2442 1692 2726 1751 maximus

500 1784 675 1845 fuisse
727 1788 962 1855 dicitnr;
1025 1788 1252 1862 saepius
1304 1788 1481 1848 etiam
1529 1787 1962 1863 Aphrodisiade
2022 1788 2267 1849 dilectus
2318 1805 2446 1849 esse
2496 1789 2726 1848 videtur

495 1883 583 1959 (G.
624 1885 675 1945 Ι.
718 1884 789 1945 Gr.
830 1887 908 1957 H,
949 1886 1105 1945 2761
1137 1919 1213 1930 -
1245 1887 1404 1945 2764
1431 1920 1507 1930 -
1537 1883 1741 1960 2777).
1789 1902 1965 1945 unum
2011 1884 2240 1958 quidem
2275 1902 2347 1945 ex
2373 1886 2720 1946 archontum

499 1999 733 2043 numero
794 1985 897 2045 sed
953 2001 1070 2044 non
1129 2001 1407 2044 summum
1465 1985 1767 2059 Ambryssi
1827 1984 1918 2061 (Ο.
1968 1984 2015 2044 1.
2069 1983 2145 2047 G.
2196 1985 2242 2058 Ι,
2311 1985 2492 2060 1736)
2555 1989 2614 2043 et
2662 1985 2724 2043 in

507 2080 699 2154 Cypro
737 2082 925 2143 insula
975 2083 1086 2142 hoc
1132 2099 1364 2143 munere
1410 2082 1668 2142 functum
1707 2099 1832 2142 esse
1872 2083 2121 2156 legimus
2159 2082 2327 2158 (Leb.
2368 2083 2478 2152 HI,
2520 2082 2723 2158 2814).

500 2178 602 2238 sed
651 2197 765 2238 non
811 2197 917 2253 per
968 2195 1032 2240 se
1081 2180 1264 2241 solum
1311 2181 1612 2240 archontes
1662 2184 1883 2239 statuas
1934 2179 2294 2239 collocandas
2343 2185 2717 2250 curaverunt3

500 2292 700 2336 verum
747 2279 901 2338 haud
949 2295 1081 2338 raro
1131 2280 1226 2338 vel
1271 2295 1418 2338 unus
1467 2278 1636 2337 modo
1686 2278 1783 2337 vel
1833 2277 2153 2350 complures
2202 2293 2398 2335 eorum
2436 2293 2553 2334 una
2592 2293 2722 2336 cum

507 2375 637 2434 aliis
675 2376 1104 2449 magistratibus
1152 2376 1263 2437 hoc
1303 2376 1551 2436 officium
1590 2375 1993 2448 suscipiebant,
2036 2374 2098 2433 id
2137 2374 2293 2446 quod
2343 2374 2614 2433 discimus
2655 2390 2726 2433 ex

504 2472 691 2532 titulis
718 2474 781 2534 G.
811 2476 858 2533 I.
882 2473 946 2532 G.
976 2475 1052 2545 H,
1083 2475 1239 2533 2012
1267 2472 1584 2552 (Callipoli)
1613 2472 1712 2531 ubi
1732 2478 1793 2531 et
1812 2475 2143 2545 quaestores
2164 2476 2224 2530 et
2244 2489 2316 2531 ex
2336 2470 2401 2530 O.
2427 2473 2472 2530 Ι.
2513 2472 2584 2532 G.
2607 2472 2715 2546 HI,

508 2572 666 2631 4380
687 2570 745 2629 h¹
799 2569 1100 2647 (Cibyrae)
1151 2571 1252 2631 ubi
1318 2588 1434 2630 una
1499 2587 1629 2629 cum
1696 2571 1767 2630 iis
1835 2571 2021 2629 scriba
2088 2574 2578 2629 commemoratur.
2651 2586 2722 2628 ex

509 2669 772 2742 proxima
797 2670 907 2729 hac
931 2669 1304 2743 inscriptione
1345 2670 1568 2743 expleri
1592 2668 1836 2728 forsitan
1875 2668 2061 2743 possit
2100 2667 2166 2728 G.
2194 2670 2242 2729 I.
2272 2667 2342 2729 Gr.
2371 2668 2477 2737 HI,
2501 2668 2656 2727 3822
2668 2664 2731 2726 b²

510 2766 795 2843 (Or-cisti),
836 2766 936 2826 ubi
974 2766 1220 2840 primum
1259 2767 1563 2826 archontes
1590 2770 1886 2825 curatores
1927 2768 2344 2838 enumerantur,
2388 2770 2511 2823 tum
2550 2765 2730 2824 verba

509 2869 824 2937 sequuntur
860 2864 1031 2926 haec:
1073 2863 1164 2923 καὶ
1202 2862 1267 2923 Π.
1312 2862 1379 2923 Π.
1421 2861 1699 2923 Κλαυδίου
1734 2860 2053 2940 Ῥουφείνου
2096 2904 2406 2923 ......
2420 2884 2436 2936 ;
2474 2883 2733 2940 γραμμαι-

502 2962 642 3027 τέως
683 2963 820 3022 olim
858 2964 1174 3036 ascriptum
1212 2961 1389 3021 fuisse
1427 2962 1673 3022 videtur.

660 3065 895 3133 praeter
933 3060 1240 3120 archontes
1282 3060 1612 3134 saepissime
1668 3060 2017 3134 imperatores
2058 3056 2440 3136 (στρατηγούς)
2500 3073 2729 3117 curasse

505 3158 789 3229 discimus,
832 3158 931 3218 sed
972 3157 1144 3218 certis
1182 3158 1370 3229 modo,
1411 3157 1474 3215 ni
1514 3155 1703 3230 fallor,
1745 3157 1907 3217 locis.
1962 3156 2122 3215 velut
2159 3154 2435 3229 Pergami
2474 3155 2727 3227 quinque

508 3260 1025 3315 commemorantur
1072 3257 1133 3315 in
1180 3256 1352 3315 titulo
1403 3256 1555 3329 apud
1602 3255 1748 3315 Leb.
1796 3256 1901 3328 HI,
1960 3255 2135 3314 1721.
2227 3254 2337 3314 huc
2387 3254 2559 3313 etiam
2598 3269 2728 3327 per·

504 3353 689 3412 tinere
727 3353 868 3412 mihi
892 3353 1122 3412 videtur
1146 3354 1349 3413 mutila
1386 3353 1667 3425 quaedam
1691 3352 1989 3427 inscriptio
2030 3366 2179 3424 quae
2214 3351 2426 3425 legitur
2465 3351 2526 3409 in
2567 3373 2725 3427 μουσ.

509 3450 601 3511 καὶ
640 3451 774 3528 βιβλ.
816 3455 921 3510 etc.
971 3450 1124 3510 1876
1165 3469 1222 3525 p.
1264 3453 1321 3522 4,
1365 3454 1458 3521 76,
1511 3456 1571 3512 et
1620 3452 1748 3525 ipsa
1786 3450 2054 3524 Pergami
2092 3455 2343 3523 reperta.
2390 3465 2538 3522 quae
2596 3448 2729 3509 inde

507 3566 547 3608 a
603 3565 770 3609 versu
835 3551 908 3608 12
968 3549 1110 3608 haec
1179 3549 1436 3609 continet
1502 3550 1705 3608 verba:
1782 3546 2221 3624 ἐπιμεληθέντων
2283 3546 2426 3623 (sqq.
2498 3547 2729 3605 nomina

511 3647 789 3719 quaedam
831 3645 1092 3722 propria)
1123 3690 1141 3706 .
1182 3689 1197 3705 .
1244 3692 1257 3705 .
1304 3692 1320 3707 .
1359 3669 1495 3725 τρατ
1534 3690 1549 3705 .
1595 3692 1610 3707 .
1654 3668 1704 3706 ο.
1746 3661 1893 3718 quae
1936 3661 2004 3704 ex
2043 3644 2213 3704 titulo
2253 3643 2357 3702 illo
2401 3660 2438 3704 a
2475 3642 2727 3703 Lebasio

507 3745 796 3819 publicato
835 3744 900 3804 in
938 3745 1033 3803 τοῦ
1071 3745 1371 3823 στρατηγοῦ
1412 3745 1680 3818 supplere
1728 3744 1926 3816 possis,
1977 3746 2047 3800 ut
2091 3757 2237 3800 unus
2276 3758 2349 3800 ex
2390 3747 2725 3802 curatorum

504 3859 742 3902 numero
782 3842 1091 3917 imperator
1136 3841 1331 3903 fuerit.
1392 3843 1571 3916 magis
1624 3845 1818 3901 autem
1867 3841 2062 3914 placet
2109 3842 2219 3898 τῶν
2270 3843 2601 3918 στρατηγῶν,
2657 3843 2724 3898 ut

507 3957 700 4000 omnes
725 3957 969 4013 quorum
994 3940 1226 4001 nomina
1251 3944 1387 3999 ante
1413 3945 1550 3998 sunt
1575 3942 1927 4009 enumerata,
1954 3938 2332 4012 imperatores
2358 3937 2728 4012 intellegendi

509 4040 649 4109 sint3
692 4038 926 4098 titulum
966 4038 1115 4098 enim
1154 4038 1215 4096 in
1240 4036 1352 4096 fine
1390 4053 1505 4096 non
1541 4039 1702 4096 recte
1744 4036 2093 4111 descriptum
2122 4051 2247 4095 esse
2286 4035 2420 4094 inde
2461 4041 2720 4109 apparet,

509 4135 660 4207 quod
699 4158 730 4195 ο
771 4137 979 4196 ultima
1015 4152 1137 4196 esse
1176 4135 1374 4196 littera
1414 4135 1642 4206 dicitur,
1684 4134 1745 4192 id
1772 4134 1924 4207 quod
1962 4134 2091 4193 fieri
2119 4132 2274 4193 nullo
2302 4133 2471 4193 modo
2512 4137 2720 4207 potest.

382 4221 387 4224 ’
510 4235 570 4292 in
610 4233 724 4293 alio
764 4233 965 4293 deinde
1003 4233 1174 4291 titulo
1215 4232 1523 4306 permutilo
1563 4232 1746 4291 Eleae
1786 4232 1943 4291 haud
1991 4232 2193 4306 procul
2233 4247 2269 4290 a
2305 4229 2594 4303 Pergamo
2636 4246 2727 4289 re·-
