3226 5078
1481 490 1920 555 -34-..

585 685 893 743 collocasse
936 700 1062 743 eam
1103 683 1396 756 apparuit:
1442 688 1501 743 et
1540 683 1652 742 hoc
1690 682 1920 755 quidem
1960 683 2071 742 nisi
2110 683 2172 741 in
2212 697 2432 740 summo
2469 680 2834 754 reipublicae

583 780 909 840 discrimine
948 797 1238 852 nunquam
1277 778 1492 838 factum
1533 795 1655 839 esse
1696 779 1942 840 videtur.

744 878 821 936 ad
859 877 1043 936 tribus
1084 876 1290 935 deinde
1329 893 1569 951 perraro
1610 877 1781 935 modo
1820 877 1967 935 haec
2009 892 2149 935 cura
2190 876 2387 935 delata
2428 882 2520 936 est
2559 882 2620 935 et
2648 877 2832 935 semel

583 975 679 1034 vel
719 973 794 1032 ad
836 974 980 1033 duas
1019 974 1189 1033 urbes
1216 991 1254 1032 a
1282 974 1523 1032 concilio
1556 975 1594 1033 J
1595 975 1788 1047 onico;
1828 973 2071 1032 inludis
2098 979 2293 1032 autem
2321 974 2562 1048 publicis
2588 978 2832 1046 praeter

583 1070 971 1129 institutorem
1009 1070 1178 1132 modo
1221 1071 1597 1143 magistratus
1638 1071 1808 1129 modo
1849 1071 2068 1144 privati
2105 1074 2435 1129 curatorum
2460 1075 2661 1144 partes
2703 1087 2831 1130 sus-

583 1172 875 1241 ceperunt.

742 1264 1017 1325 sodalitia
1066 1264 1270 1323 deinde
1320 1270 1423 1323 aut
1471 1266 1719 1339 collegia
1766 1267 1859 1325 vel
1899 1265 1974 1324 ad
2015 1267 2389 1339 magistratus
2429 1266 2524 1324 vel
2564 1265 2642 1324 ad
2683 1266 2832 1324 alios

583 1362 858 1433 quosdam
898 1362 1086 1420 socios
1125 1363 1238 1421 hoc
1279 1360 1530 1421 officium
1571 1361 1795 1422 deferre
1844 1363 2132 1429 solebant3
2194 1364 2411 1436 privati
2463 1368 2663 1421 autem
2714 1363 2832 1436 ipsi

580 1459 917 1531 plerumque
965 1463 1188 1518 statuas
1239 1475 1275 1519 a
1315 1474 1379 1519 se
1419 1459 1639 1519 dicatas
1679 1466 1997 1533 posuerunt
2035 1464 2138 1519 aut
2177 1477 2214 1519 a
2255 1461 2514 1534 cognatis
2555 1461 2833 1520 amicisve

580 1560 647 1613 ut
684 1556 819 1614 huic
858 1556 947 1613 rei
985 1556 1375 1628 providerent,
1418 1558 1769 1630 petiverunt.
1853 1558 1924 1617 de
1964 1558 2357 1618 sacerdotibus
2393 1557 2642 1631 denique
2682 1559 2830 1617 certi

578 1652 678 1710 vix
719 1653 1028 1725 quidquam
1079 1654 1422 1714 contendere
1471 1656 1787 1729 potuimus:
1849 1656 1960 1715 hoc
2019 1661 2214 1717 autem
2263 1655 2565 1730 probabile
2619 1656 2825 1730 visum,

581 1753 803 1808 statuas
850 1751 1079 1823 publice
1129 1753 1422 1825 ponendas
1473 1770 1762 1826 nunquam
1811 1754 1913 1813 sed
1954 1771 2052 1813 eas
2093 1754 2261 1813 modo
2302 1771 2449 1826 quae
2489 1754 2550 1811 in
2589 1753 2828 1827 templis

580 1847 921 1907 statuendae
981 1854 1151 1909 erant
1210 1854 1270 1909 et
1328 1866 1399 1909 ne
1460 1851 1564 1910 has
1626 1850 1853 1922 quidem
1914 1851 2253 1923 plerumque
2308 1850 2677 1910 collocandas
2728 1836 2846 1910 eos

579 1959 827 2004 curasse.
