<?xml version="1.0" encoding="UTF-8"?>
<!DOCTYPE html PUBLIC "-//W3C//DTD XHTML 1.0 Transitional//EN"
    "http://www.w3.org/TR/xhtml1/DTD/xhtml1-transitional.dtd">
<html xmlns="http://www.w3.org/1999/xhtml" xml:lang="en" lang="en">
 <head>
  <title>
</title>
<meta http-equiv="Content-Type" content="text/html;charset=utf-8" />
  <meta name='ocr-system' content='tesseract 3.04.00' />
  <meta name='ocr-capabilities' content='ocr_page ocr_carea ocr_par ocr_line ocrx_word'/>
</head>
<body>
  <div class='ocr_page' id='page_1' title='image "./decurastatuarum00kuhngoog_0065.png"; bbox 0 0 3226 5078; ppageno 0'>
   <div class='ocr_carea' id='block_1_1' title="bbox 1364 551 1805 614">
    <p class='ocr_par' dir='ltr' id='par_1_1' title="bbox 1364 551 1805 614">
     <span class='ocr_line' id='line_1_1' title="bbox 1364 551 1805 614; baseline 0.002 -18"><span class='ocrx_word' id='word_1_1' title='bbox 1364 551 1805 614; x_wconf 78' lang='grc'><strong>..57-</strong></span> 
     </span>
    </p>
   </div>
   <div class='ocr_carea' id='block_1_2' title="bbox 475 743 2703 1309">
    <p class='ocr_par' dir='ltr' id='par_1_2' title="bbox 476 743 2703 1012">
     <span class='ocr_line' id='line_1_2' title="bbox 476 743 2702 820; baseline 0 -19"><span class='ocrx_word' id='word_1_2' title='bbox 476 744 766 815; x_wconf 82' lang='lat' dir='ltr'><strong>provisum</strong></span> <span class='ocrx_word' id='word_1_3' title='bbox 807 759 930 802; x_wconf 92' lang='lat' dir='ltr'><strong>esse</strong></span> <span class='ocrx_word' id='word_1_4' title='bbox 972 759 1044 802; x_wconf 83' lang='lat' dir='ltr'><strong>ex</strong></span> <span class='ocrx_word' id='word_1_5' title='bbox 1084 744 1304 802; x_wconf 87' lang='lat' dir='ltr'><strong>Juliani</strong></span> <span class='ocrx_word' id='word_1_6' title='bbox 1343 744 1709 816; x_wconf 89' lang='lat' dir='ltr'><strong>imperatoris</strong></span> <span class='ocrx_word' id='word_1_7' title='bbox 1757 743 2029 804; x_wconf 82' lang='lat' dir='ltr'><strong>discimus</strong></span> <span class='ocrx_word' id='word_1_8' title='bbox 2080 744 2327 818; x_wconf 89' lang='lat' dir='ltr'><strong>epistula</strong></span> <span class='ocrx_word' id='word_1_9' title='bbox 2338 744 2400 820; x_wconf 89' lang='lat'><strong>¹),</strong></span> <span class='ocrx_word' id='word_1_10' title='bbox 2456 745 2554 817; x_wconf 90' lang='lat' dir='ltr'><strong>qui</strong></span> <span class='ocrx_word' id='word_1_11' title='bbox 2607 745 2702 804; x_wconf 91' lang='lat' dir='ltr'><strong>Ilii</strong></span> 
     </span>
     <span class='ocr_line' id='line_1_3' title="bbox 477 839 2703 916; baseline 0 -17"><span class='ocrx_word' id='word_1_12' title='bbox 477 841 743 900; x_wconf 81' lang='lat' dir='ltr'><strong>Hectoris</strong></span> <span class='ocrx_word' id='word_1_13' title='bbox 787 845 1040 899; x_wconf 86' lang='lat' dir='ltr'><strong>statuam</strong></span> <span class='ocrx_word' id='word_1_14' title='bbox 1080 839 1361 901; x_wconf 89' lang='lat' dir='ltr'><strong>sacrificio</strong></span> <span class='ocrx_word' id='word_1_15' title='bbox 1401 841 1568 900; x_wconf 92' lang='lat' dir='ltr'><strong>modo</strong></span> <span class='ocrx_word' id='word_1_16' title='bbox 1609 846 1844 914; x_wconf 88' lang='lat' dir='ltr'><strong>peracto</strong></span> <span class='ocrx_word' id='word_1_17' title='bbox 1885 843 2187 915; x_wconf 82' lang='lat' dir='ltr'><strong>unguentis</strong></span> <span class='ocrx_word' id='word_1_18' title='bbox 2211 841 2504 915; x_wconf 88' lang='lat' dir='ltr'><strong>perfusam</strong></span> <span class='ocrx_word' id='word_1_19' title='bbox 2531 847 2703 916; x_wconf 87' lang='lat' dir='ltr'><strong>atque</strong></span> 
     </span>
     <span class='ocr_line' id='line_1_4' title="bbox 476 938 1527 1012; baseline 0.002 -15"><span class='ocrx_word' id='word_1_20' title='bbox 476 938 871 1012; x_wconf 79' lang='lat' dir='ltr'><strong>splendentem</strong></span> <span class='ocrx_word' id='word_1_21' title='bbox 909 956 971 998; x_wconf 93' lang='lat' dir='ltr'><strong>se</strong></span> <span class='ocrx_word' id='word_1_22' title='bbox 1010 939 1218 999; x_wconf 87' lang='lat' dir='ltr'><strong>vidisse</strong></span> <span class='ocrx_word' id='word_1_23' title='bbox 1260 944 1527 999; x_wconf 84' lang='lat' dir='ltr'><strong>testatur.</strong></span> 
     </span>
    </p>

    <p class='ocr_par' dir='ltr' id='par_1_3' title="bbox 475 1036 2703 1309">
     <span class='ocr_line' id='line_1_5' title="bbox 641 1036 2703 1109; baseline -0 -13"><span class='ocrx_word' id='word_1_24' title='bbox 641 1037 967 1096; x_wconf 77' lang='lat' dir='ltr'><strong>sacerdotes</strong></span> <span class='ocrx_word' id='word_1_25' title='bbox 1009 1036 1210 1104; x_wconf 84' lang='lat' dir='ltr'><strong>deinde</strong></span> <span class='ocrx_word' id='word_1_26' title='bbox 1251 1037 1393 1096; x_wconf 89' lang='lat' dir='ltr'><strong>illos·</strong></span> <span class='ocrx_word' id='word_1_27' title='bbox 1420 1038 1531 1096; x_wconf 91' lang='lat' dir='ltr'><strong>hoc</strong></span> <span class='ocrx_word' id='word_1_28' title='bbox 1570 1038 1746 1096; x_wconf 88' lang='lat' dir='ltr'><strong>etiam</strong></span> <span class='ocrx_word' id='word_1_29' title='bbox 1786 1053 2033 1109; x_wconf 82' lang='lat' dir='ltr'><strong>curasse,</strong></span> <span class='ocrx_word' id='word_1_30' title='bbox 2076 1053 2148 1096; x_wconf 91' lang='lat' dir='ltr'><strong>ne</strong></span> <span class='ocrx_word' id='word_1_31' title='bbox 2183 1037 2308 1096; x_wconf 92' lang='lat' dir='ltr'><strong>loco</strong></span> <span class='ocrx_word' id='word_1_32' title='bbox 2336 1037 2703 1096; x_wconf 85' lang='lat' dir='ltr'><strong>simulacrum</strong></span> 
     </span>
     <span class='ocr_line' id='line_1_6' title="bbox 476 1134 2702 1207; baseline 0.001 -16"><span class='ocrx_word' id='word_1_33' title='bbox 476 1138 818 1206; x_wconf 89' lang='lat' dir='ltr'><strong>moveret-ur,</strong></span> <span class='ocrx_word' id='word_1_34' title='bbox 862 1135 965 1193; x_wconf 85' lang='lat' dir='ltr'><strong>vix</strong></span> <span class='ocrx_word' id='word_1_35' title='bbox 1005 1140 1095 1194; x_wconf 89' lang='lat' dir='ltr'><strong>est</strong></span> <span class='ocrx_word' id='word_1_36' title='bbox 1143 1134 1296 1207; x_wconf 90' lang='lat' dir='ltr'><strong>quod</strong></span> <span class='ocrx_word' id='word_1_37' title='bbox 1344 1151 1697 1206; x_wconf 82' lang='lat' dir='ltr'><strong>moneamus3</strong></span> <span class='ocrx_word' id='word_1_38' title='bbox 1750 1134 1921 1207; x_wconf 88' lang='lat' dir='ltr'><strong>plane</strong></span> <span class='ocrx_word' id='word_1_39' title='bbox 1973 1139 2165 1193; x_wconf 87' lang='lat' dir='ltr'><strong>autem</strong></span> <span class='ocrx_word' id='word_1_40' title='bbox 2215 1136 2324 1194; x_wconf 92' lang='lat' dir='ltr'><strong>hoc</strong></span> <span class='ocrx_word' id='word_1_41' title='bbox 2375 1135 2702 1194; x_wconf 82' lang='lat' dir='ltr'><strong>Herodotus</strong></span> 
     </span>
     <span class='ocr_line' id='line_1_7' title="bbox 475 1231 2703 1309; baseline 0 -19"><span class='ocrx_word' id='word_1_42' title='bbox 475 1236 726 1291; x_wconf 89' lang='lat' dir='ltr'><strong>testatur</strong></span> <span class='ocrx_word' id='word_1_43' title='bbox 752 1233 810 1309; x_wconf 95' lang='lat' dir='ltr'><strong>(I</strong></span> <span class='ocrx_word' id='word_1_44' title='bbox 849 1231 1007 1308; x_wconf 83' lang='lat'><strong>183).</strong></span> <span class='ocrx_word' id='word_1_45' title='bbox 1036 1232 1335 1305; x_wconf 84' lang='lat' dir='ltr'><strong>Babylone</strong></span> <span class='ocrx_word' id='word_1_46' title='bbox 1374 1233 1606 1292; x_wconf 89' lang='lat' dir='ltr'><strong>enimin</strong></span> <span class='ocrx_word' id='word_1_47' title='bbox 1627 1233 1756 1292; x_wconf 92' lang='lat' dir='ltr'><strong>luco</strong></span> <span class='ocrx_word' id='word_1_48' title='bbox 1779 1231 1855 1291; x_wconf 88' lang='lat' dir='ltr'><strong>ad</strong></span> <span class='ocrx_word' id='word_1_49' title='bbox 1875 1231 1921 1290; x_wconf 84' lang='lat' dir='ltr'>J</span> <span class='ocrx_word' id='word_1_50' title='bbox 1921 1233 2045 1291; x_wconf 85' lang='lat' dir='ltr'><strong>ovis</strong></span> <span class='ocrx_word' id='word_1_51' title='bbox 2072 1233 2347 1306; x_wconf 90' lang='lat' dir='ltr'><strong>templum</strong></span> <span class='ocrx_word' id='word_1_52' title='bbox 2375 1233 2703 1305; x_wconf 82' lang='lat' dir='ltr'><strong>pertinente</strong></span> 
     </span>
    </p>
   </div>
   <div class='ocr_carea' id='block_1_3' title="bbox 475 1314 2808 1391">
    <p class='ocr_par' dir='ltr' id='par_1_4' title="bbox 475 1314 2808 1391">
     <span class='ocr_line' id='line_1_8' title="bbox 475 1314 2808 1391; baseline 0 -4"><span class='ocrx_word' id='word_1_53' title='bbox 475 1345 711 1388; x_wconf 85' lang='lat' dir='ltr'><strong>aureum</strong></span> <span class='ocrx_word' id='word_1_54' title='bbox 759 1329 934 1388; x_wconf 87' lang='lat' dir='ltr'><strong>fuisse</strong></span> <span class='ocrx_word' id='word_1_55' title='bbox 985 1330 1352 1389; x_wconf 89' lang='lat' dir='ltr'><strong>simulacrum</strong></span> <span class='ocrx_word' id='word_1_56' title='bbox 1410 1331 1593 1389; x_wconf 84' lang='lat' dir='ltr'><strong>tradit</strong></span> <span class='ocrx_word' id='word_1_57' title='bbox 1654 1330 1953 1389; x_wconf 90' lang='lat' dir='ltr'><strong>duodecim</strong></span> <span class='ocrx_word' id='word_1_58' title='bbox 2012 1329 2355 1391; x_wconf 87' lang='lat' dir='ltr'><strong>cubitorum.</strong></span> <span class='ocrx_word' id='word_1_59' title='bbox 2446 1330 2701 1389; x_wconf 83' lang='lat' dir='ltr'><strong>Dareum</strong></span> <span class='ocrx_word' id='word_1_60' title='bbox 2803 1314 2808 1325; x_wconf 56' lang='lat'>⁸</span> 
     </span>
    </p>
   </div>
   <div class='ocr_carea' id='block_1_4' title="bbox 438 1426 2785 3566">
    <p class='ocr_par' dir='ltr' id='par_1_5' title="bbox 474 1426 2703 1599">
     <span class='ocr_line' id='line_1_9' title="bbox 474 1426 2703 1502; baseline 0.001 -16"><span class='ocrx_word' id='word_1_61' title='bbox 474 1427 701 1498; x_wconf 87' lang='lat' dir='ltr'><strong>quidem</strong></span> <span class='ocrx_word' id='word_1_62' title='bbox 763 1428 927 1487; x_wconf 86' lang='lat' dir='ltr'><strong>valde</strong></span> <span class='ocrx_word' id='word_1_63' title='bbox 989 1430 1310 1501; x_wconf 84' lang='lat' dir='ltr'><strong>cupientem</strong></span> <span class='ocrx_word' id='word_1_64' title='bbox 1370 1429 1481 1487; x_wconf 88' lang='lat' dir='ltr'><strong>hoc</strong></span> <span class='ocrx_word' id='word_1_65' title='bbox 1540 1429 1762 1502; x_wconf 84' lang='lat' dir='ltr'><strong>signum</strong></span> <span class='ocrx_word' id='word_1_66' title='bbox 1823 1426 2050 1487; x_wconf 85' lang='lat' dir='ltr'><strong>auferre</strong></span> <span class='ocrx_word' id='word_1_67' title='bbox 2112 1444 2225 1486; x_wconf 91' lang='lat' dir='ltr'><strong>non</strong></span> <span class='ocrx_word' id='word_1_68' title='bbox 2286 1445 2486 1487; x_wconf 88' lang='lat' dir='ltr'><strong>ausum</strong></span> <span class='ocrx_word' id='word_1_69' title='bbox 2553 1445 2703 1501; x_wconf 88' lang='lat' dir='ltr'><strong>esse;</strong></span> 
     </span>
     <span class='ocr_line' id='line_1_10' title="bbox 476 1524 2702 1599; baseline -0.001 -12"><span class='ocrx_word' id='word_1_70' title='bbox 476 1524 734 1587; x_wconf 89' lang='lat' dir='ltr'><strong>Xerxem</strong></span> <span class='ocrx_word' id='word_1_71' title='bbox 775 1542 912 1593; x_wconf 85' lang='lat' dir='ltr'><strong>vero</strong></span> <span class='ocrx_word' id='word_1_72' title='bbox 958 1527 1253 1586; x_wconf 90' lang='lat' dir='ltr'><strong>sustulisse</strong></span> <span class='ocrx_word' id='word_1_73' title='bbox 1291 1526 1439 1585; x_wconf 90' lang='lat' dir='ltr'><strong>illud</strong></span> <span class='ocrx_word' id='word_1_74' title='bbox 1487 1533 1661 1599; x_wconf 90' lang='lat' dir='ltr'><strong>atque</strong></span> <span class='ocrx_word' id='word_1_75' title='bbox 1712 1525 2069 1585; x_wconf 87' lang='lat' dir='ltr'><strong>sacerdotem</strong></span> <span class='ocrx_word' id='word_1_76' title='bbox 2120 1531 2411 1585; x_wconf 82' lang='lat' dir='ltr'><strong>vetantem</strong></span> <span class='ocrx_word' id='word_1_77' title='bbox 2451 1542 2702 1585; x_wconf 87' lang='lat' dir='ltr'><strong>necasse.</strong></span> 
     </span>
    </p>

    <p class='ocr_par' dir='ltr' id='par_1_6' title="bbox 464 1622 2785 3057">
     <span class='ocr_line' id='line_1_11' title="bbox 632 1622 2705 1696; baseline 0 -15"><span class='ocrx_word' id='word_1_78' title='bbox 632 1623 813 1682; x_wconf 88' lang='lat' dir='ltr'><strong>mirae</strong></span> <span class='ocrx_word' id='word_1_79' title='bbox 856 1622 1099 1696; x_wconf 89' lang='lat' dir='ltr'><strong>denique</strong></span> <span class='ocrx_word' id='word_1_80' title='bbox 1139 1624 1250 1683; x_wconf 89' lang='lat' dir='ltr'><strong>hoc</strong></span> <span class='ocrx_word' id='word_1_81' title='bbox 1289 1624 1418 1683; x_wconf 92' lang='lat' dir='ltr'><strong>loco</strong></span> <span class='ocrx_word' id='word_1_82' title='bbox 1473 1625 1826 1684; x_wconf 87' lang='lat' dir='ltr'><strong>Graecorum</strong></span> <span class='ocrx_word' id='word_1_83' title='bbox 1877 1623 2308 1683; x_wconf 88' lang='lat' dir='ltr'><strong>consuetudinis</strong></span> <span class='ocrx_word' id='word_1_84' title='bbox 2356 1624 2705 1683; x_wconf 89' lang='lat' dir='ltr'><strong>mentionem</strong></span> 
     </span>
     <span class='ocr_line' id='line_1_12' title="bbox 477 1719 2709 1793; baseline 0 -15"><span class='ocrx_word' id='word_1_85' title='bbox 477 1719 670 1779; x_wconf 90' lang='lat' dir='ltr'><strong>facere</strong></span> <span class='ocrx_word' id='word_1_86' title='bbox 710 1719 873 1779; x_wconf 89' lang='lat' dir='ltr'><strong>nobis</strong></span> <span class='ocrx_word' id='word_1_87' title='bbox 912 1721 1100 1780; x_wconf 88' lang='lat' dir='ltr'><strong>liceat.</strong></span> <span class='ocrx_word' id='word_1_88' title='bbox 1182 1721 1326 1781; x_wconf 90' lang='lat' dir='ltr'><strong>locis</strong></span> <span class='ocrx_word' id='word_1_89' title='bbox 1370 1722 1518 1782; x_wconf 91' lang='lat' dir='ltr'><strong>enim</strong></span> <span class='ocrx_word' id='word_1_90' title='bbox 1560 1722 1898 1793; x_wconf 89' lang='lat' dir='ltr'><strong>quibusdam</strong></span> <span class='ocrx_word' id='word_1_91' title='bbox 1938 1721 2000 1779; x_wconf 91' lang='lat' dir='ltr'><strong>in</strong></span> <span class='ocrx_word' id='word_1_92' title='bbox 2039 1738 2197 1781; x_wconf 92' lang='lat' dir='ltr'><strong>more</strong></span> <span class='ocrx_word' id='word_1_93' title='bbox 2240 1726 2367 1781; x_wconf 86' lang='lat' dir='ltr'><strong>erat</strong></span> <span class='ocrx_word' id='word_1_94' title='bbox 2380 1766 2393 1789; x_wconf 94' lang='lat'><strong>,</strong></span> <span class='ocrx_word' id='word_1_95' title='bbox 2453 1726 2520 1779; x_wconf 90' lang='lat' dir='ltr'><strong>ut</strong></span> <span class='ocrx_word' id='word_1_96' title='bbox 2560 1723 2709 1780; x_wconf 88' lang='lat' dir='ltr'><strong>certi</strong></span> 
     </span>
     <span class='ocr_line' id='line_1_13' title="bbox 476 1818 2707 1894; baseline 0 -17"><span class='ocrx_word' id='word_1_97' title='bbox 476 1818 802 1878; x_wconf 84' lang='lat' dir='ltr'><strong>sacerdotes</strong></span> <span class='ocrx_word' id='word_1_98' title='bbox 829 1820 1192 1894; x_wconf 86' lang='lat' dir='ltr'><strong>eligerentur,</strong></span> <span class='ocrx_word' id='word_1_99' title='bbox 1221 1822 1399 1893; x_wconf 90' lang='lat' dir='ltr'><strong>quiin</strong></span> <span class='ocrx_word' id='word_1_100' title='bbox 1419 1823 1789 1881; x_wconf 89' lang='lat' dir='ltr'><strong>constitutum</strong></span> <span class='ocrx_word' id='word_1_101' title='bbox 1813 1825 2037 1894; x_wconf 91' lang='lat' dir='ltr'><strong>tempus</strong></span> <span class='ocrx_word' id='word_1_102' title='bbox 2059 1821 2152 1881; x_wconf 93' lang='lat' dir='ltr'><strong>dei</strong></span> <span class='ocrx_word' id='word_1_103' title='bbox 2171 1821 2464 1879; x_wconf 86' lang='lat' dir='ltr'><strong>cuiusdam</strong></span> <span class='ocrx_word' id='word_1_104' title='bbox 2486 1821 2707 1894; x_wconf 82' lang='lat' dir='ltr'><strong>signum</strong></span> 
     </span>
     <span class='ocr_line' id='line_1_14' title="bbox 480 1915 2707 1994; baseline 0 -20"><span class='ocrx_word' id='word_1_105' title='bbox 480 1915 542 1973; x_wconf 92' lang='lat' dir='ltr'><strong>in</strong></span> <span class='ocrx_word' id='word_1_106' title='bbox 581 1917 698 1976; x_wconf 88' lang='lat' dir='ltr'><strong>suis</strong></span> <span class='ocrx_word' id='word_1_107' title='bbox 736 1917 995 1990; x_wconf 90' lang='lat' dir='ltr'><strong>ipsorum</strong></span> <span class='ocrx_word' id='word_1_108' title='bbox 1023 1918 1285 1978; x_wconf 91' lang='lat' dir='ltr'><strong>domibus</strong></span> <span class='ocrx_word' id='word_1_109' title='bbox 1313 1935 1653 1978; x_wconf 83' lang='lat' dir='ltr'><strong>conservare</strong></span> <span class='ocrx_word' id='word_1_110' title='bbox 1681 1922 1852 1990; x_wconf 89' lang='lat' dir='ltr'><strong>atque</strong></span> <span class='ocrx_word' id='word_1_111' title='bbox 1879 1934 2084 1975; x_wconf 91' lang='lat' dir='ltr'><strong>curare</strong></span> <span class='ocrx_word' id='word_1_112' title='bbox 2112 1917 2389 1976; x_wconf 91' lang='lat' dir='ltr'><strong>deberent</strong></span> <span class='ocrx_word' id='word_1_113' title='bbox 2401 1919 2469 1994; x_wconf 84' lang='lat'><strong>.²)</strong></span> <span class='ocrx_word' id='word_1_114' title='bbox 2538 1933 2707 1990; x_wconf 89' lang='lat' dir='ltr'><strong>quem</strong></span> 
     </span>
     <span class='ocr_line' id='line_1_15' title="bbox 480 2013 2708 2090; baseline 0.002 -20"><span class='ocrx_word' id='word_1_115' title='bbox 480 2029 699 2072; x_wconf 90' lang='lat' dir='ltr'><strong>morem</strong></span> <span class='ocrx_word' id='word_1_116' title='bbox 736 2015 1037 2076; x_wconf 85' lang='lat' dir='ltr'><strong>Messenae</strong></span> <span class='ocrx_word' id='word_1_117' title='bbox 1079 2021 1140 2076; x_wconf 91' lang='lat' dir='ltr'><strong>et</strong></span> <span class='ocrx_word' id='word_1_118' title='bbox 1187 2015 1359 2090; x_wconf 87' lang='lat' dir='ltr'><strong>Aegii</strong></span> <span class='ocrx_word' id='word_1_119' title='bbox 1406 2016 1652 2089; x_wconf 83' lang='lat' dir='ltr'><strong>viguisse</strong></span> <span class='ocrx_word' id='word_1_120' title='bbox 1706 2031 1743 2074; x_wconf 89' lang='lat' dir='ltr'><strong>a</strong></span> <span class='ocrx_word' id='word_1_121' title='bbox 1789 2015 2079 2075; x_wconf 89' lang='lat' dir='ltr'><strong>Pausania</strong></span> <span class='ocrx_word' id='word_1_122' title='bbox 2088 2013 2136 2090; x_wconf 83' lang='lat'><strong>³)</strong></span> <span class='ocrx_word' id='word_1_123' title='bbox 2169 2013 2493 2081; x_wconf 85' lang='lat' dir='ltr'><strong>·discimus;</strong></span> <span class='ocrx_word' id='word_1_124' title='bbox 2537 2016 2708 2089; x_wconf 89' lang='lat' dir='ltr'><strong>plura</strong></span> 
     </span>
     <span class='ocr_line' id='line_1_16' title="bbox 482 2109 2710 2188; baseline 0.002 -20"><span class='ocrx_word' id='word_1_125' title='bbox 482 2111 657 2169; x_wconf 86' lang='lat' dir='ltr'><strong>etiam</strong></span> <span class='ocrx_word' id='word_1_126' title='bbox 700 2112 771 2172; x_wconf 92' lang='lat' dir='ltr'><strong>de</strong></span> <span class='ocrx_word' id='word_1_127' title='bbox 811 2115 920 2173; x_wconf 91' lang='lat' dir='ltr'><strong>hac</strong></span> <span class='ocrx_word' id='word_1_128' title='bbox 959 2130 1026 2172; x_wconf 89' lang='lat' dir='ltr'><strong>re</strong></span> <span class='ocrx_word' id='word_1_129' title='bbox 1068 2131 1138 2174; x_wconf 88' lang='lat' dir='ltr'><strong>ex</strong></span> <span class='ocrx_word' id='word_1_130' title='bbox 1178 2115 1350 2174; x_wconf 85' lang='lat' dir='ltr'><strong>titulo</strong></span> <span class='ocrx_word' id='word_1_131' title='bbox 1377 2115 1710 2174; x_wconf 89' lang='lat' dir='ltr'><strong>Mantineae</strong></span> <span class='ocrx_word' id='word_1_132' title='bbox 1736 2119 1966 2188; x_wconf 89' lang='lat' dir='ltr'><strong>reperto</strong></span> <span class='ocrx_word' id='word_1_133' title='bbox 1994 2112 2386 2186; x_wconf 85' lang='lat' dir='ltr'><strong>comperimus.</strong></span> <span class='ocrx_word' id='word_1_134' title='bbox 2404 2112 2455 2188; x_wconf 83' lang='lat'><strong>⁴)</strong></span> <span class='ocrx_word' id='word_1_135' title='bbox 2517 2109 2710 2187; x_wconf 83' lang='lat' dir='ltr'><strong>agitur</strong></span> 
     </span>
     <span class='ocr_line' id='line_1_17' title="bbox 487 2210 2711 2286; baseline 0.002 -19"><span class='ocrx_word' id='word_1_136' title='bbox 487 2210 638 2268; x_wconf 89' lang='lat' dir='ltr'><strong>enim</strong></span> <span class='ocrx_word' id='word_1_137' title='bbox 678 2210 738 2269; x_wconf 90' lang='lat' dir='ltr'><strong>in</strong></span> <span class='ocrx_word' id='word_1_138' title='bbox 780 2228 845 2271; x_wconf 91' lang='lat' dir='ltr'><strong>eo</strong></span> <span class='ocrx_word' id='word_1_139' title='bbox 889 2212 962 2271; x_wconf 92' lang='lat' dir='ltr'><strong>de</strong></span> <span class='ocrx_word' id='word_1_140' title='bbox 1003 2212 1256 2286; x_wconf 86' lang='lat' dir='ltr'><strong>Nicippa</strong></span> <span class='ocrx_word' id='word_1_141' title='bbox 1294 2212 1607 2286; x_wconf 88' lang='lat' dir='ltr'><strong>sacerdote,</strong></span> <span class='ocrx_word' id='word_1_142' title='bbox 1672 2228 1820 2285; x_wconf 88' lang='lat' dir='ltr'><strong>quae</strong></span> <span class='ocrx_word' id='word_1_143' title='bbox 1883 2217 1944 2273; x_wconf 89' lang='lat' dir='ltr'><strong>et</strong></span> <span class='ocrx_word' id='word_1_144' title='bbox 1991 2217 2149 2271; x_wconf 85' lang='lat' dir='ltr'><strong>veste</strong></span> <span class='ocrx_word' id='word_1_145' title='bbox 2199 2211 2365 2270; x_wconf 89' lang='lat' dir='ltr'><strong>deam</strong></span> <span class='ocrx_word' id='word_1_146' title='bbox 2418 2213 2711 2273; x_wconf 86' lang='lat' dir='ltr'><strong>ornaverit</strong></span> 
     </span>
     <span class='ocr_line' id='line_1_18' title="bbox 482 2308 2709 2383; baseline 0.001 -16"><span class='ocrx_word' id='word_1_147' title='bbox 482 2313 545 2367; x_wconf 92' lang='lat' dir='ltr'><strong>et</strong></span> <span class='ocrx_word' id='word_1_148' title='bbox 582 2308 645 2366; x_wconf 88' lang='lat' dir='ltr'><strong>in</strong></span> <span class='ocrx_word' id='word_1_149' title='bbox 685 2309 912 2368; x_wconf 88' lang='lat' dir='ltr'><strong>domum</strong></span> <span class='ocrx_word' id='word_1_150' title='bbox 956 2327 1117 2369; x_wconf 88' lang='lat' dir='ltr'><strong>suam</strong></span> <span class='ocrx_word' id='word_1_151' title='bbox 1158 2311 1524 2370; x_wconf 87' lang='lat' dir='ltr'><strong>simulacrum</strong></span> <span class='ocrx_word' id='word_1_152' title='bbox 1582 2311 1706 2370; x_wconf 87' lang='lat' dir='ltr'><strong>eius</strong></span> <span class='ocrx_word' id='word_1_153' title='bbox 1766 2310 2067 2383; x_wconf 84' lang='lat' dir='ltr'><strong>receperit,</strong></span> <span class='ocrx_word' id='word_1_154' title='bbox 2096 2355 2101 2360; x_wconf 91' lang='lat'><strong>.</strong></span> <span class='ocrx_word' id='word_1_155' title='bbox 2131 2315 2199 2367; x_wconf 89' lang='lat' dir='ltr'><strong>ut</strong></span> <span class='ocrx_word' id='word_1_156' title='bbox 2252 2326 2374 2369; x_wconf 91' lang='lat' dir='ltr'><strong>mos</strong></span> <span class='ocrx_word' id='word_1_157' title='bbox 2424 2308 2599 2369; x_wconf 88' lang='lat' dir='ltr'><strong>fuerit</strong></span> <span class='ocrx_word' id='word_1_158' title='bbox 2638 2310 2709 2369; x_wconf 86' lang='lat' dir='ltr'><strong>iis</strong></span> 
     </span>
     <span class='ocr_line' id='line_1_19' title="bbox 483 2396 2771 2493; baseline 0 -28"><span class='ocrx_word' id='word_1_159' title='bbox 483 2396 854 2493; x_wconf 86' lang='lat' dir='ltr'><strong>quaecunque</strong></span> <span class='ocrx_word' id='word_1_160' title='bbox 895 2409 1214 2468; x_wconf 88' lang='lat' dir='ltr'><strong>sacerdotis</strong></span> <span class='ocrx_word' id='word_1_161' title='bbox 1253 2425 1489 2468; x_wconf 87' lang='lat' dir='ltr'><strong>munere</strong></span> <span class='ocrx_word' id='word_1_162' title='bbox 1529 2408 1923 2482; x_wconf 82' lang='lat' dir='ltr'><strong>fungerentur.</strong></span> <span class='ocrx_word' id='word_1_163' title='bbox 1985 2408 2078 2466; x_wconf 90' lang='lat' dir='ltr'><strong>hic</strong></span> <span class='ocrx_word' id='word_1_164' title='bbox 2120 2411 2313 2466; x_wconf 91' lang='lat' dir='ltr'><strong>autem</strong></span> <span class='ocrx_word' id='word_1_165' title='bbox 2355 2423 2478 2466; x_wconf 88' lang='lat' dir='ltr'><strong>mos</strong></span> <span class='ocrx_word' id='word_1_166' title='bbox 2520 2424 2593 2466; x_wconf 88' lang='lat' dir='ltr'><strong>an</strong></span> <span class='ocrx_word' id='word_1_167' title='bbox 2634 2407 2710 2466; x_wconf 87' lang='lat' dir='ltr'><strong>ad</strong></span> <span class='ocrx_word' id='word_1_168' title='bbox 2763 2444 2771 2459; x_wconf 55' lang='grc' dir='ltr'><strong><em>ι</em></strong></span> 
     </span>
     <span class='ocr_line' id='line_1_20' title="bbox 482 2505 2710 2580; baseline -0 -16"><span class='ocrx_word' id='word_1_169' title='bbox 482 2510 768 2565; x_wconf 89' lang='lat' dir='ltr'><strong>certorum</strong></span> <span class='ocrx_word' id='word_1_170' title='bbox 806 2507 977 2567; x_wconf 85' lang='lat' dir='ltr'><strong>modo</strong></span> <span class='ocrx_word' id='word_1_171' title='bbox 1017 2508 1324 2567; x_wconf 88' lang='lat' dir='ltr'><strong>simulacra</strong></span> <span class='ocrx_word' id='word_1_172' title='bbox 1362 2506 1709 2580; x_wconf 89' lang='lat' dir='ltr'><strong>pertinuerit</strong></span> <span class='ocrx_word' id='word_1_173' title='bbox 1735 2506 1991 2573; x_wconf 89' lang='lat' dir='ltr'><strong>deorum,</strong></span> <span class='ocrx_word' id='word_1_174' title='bbox 2018 2505 2367 2578; x_wconf 71' lang='lat' dir='ltr'><strong>ignoramusz</strong></span> <span class='ocrx_word' id='word_1_175' title='bbox 2412 2505 2710 2564; x_wconf 87' lang='lat' dir='ltr'><strong>Messenae</strong></span> 
     </span>
     <span class='ocr_line' id='line_1_21' title="bbox 482 2601 2710 2679; baseline -0.002 -15"><span class='ocrx_word' id='word_1_176' title='bbox 482 2606 711 2679; x_wconf 90' lang='lat' dir='ltr'><strong>quidem</strong></span> <span class='ocrx_word' id='word_1_177' title='bbox 751 2605 797 2664; x_wconf 84' lang='lat' dir='ltr'>J</span> <span class='ocrx_word' id='word_1_178' title='bbox 798 2606 921 2666; x_wconf 87' lang='lat' dir='ltr'><strong>ovis</strong></span> <span class='ocrx_word' id='word_1_179' title='bbox 961 2605 1331 2663; x_wconf 89' lang='lat' dir='ltr'><strong>simulacrum</strong></span> <span class='ocrx_word' id='word_1_180' title='bbox 1371 2604 1646 2662; x_wconf 87' lang='lat' dir='ltr'><strong>traditum</strong></span> <span class='ocrx_word' id='word_1_181' title='bbox 1689 2610 1816 2662; x_wconf 87' lang='lat' dir='ltr'><strong>erat</strong></span> <span class='ocrx_word' id='word_1_182' title='bbox 1855 2602 2157 2674; x_wconf 87' lang='lat' dir='ltr'><strong>sacerdoti,</strong></span> <span class='ocrx_word' id='word_1_183' title='bbox 2202 2601 2537 2660; x_wconf 87' lang='lat' dir='ltr'><strong>Mantineae</strong></span> <span class='ocrx_word' id='word_1_184' title='bbox 2564 2601 2710 2661; x_wconf 90' lang='lat' dir='ltr'><strong>Pro-</strong></span> 
     </span>
     <span class='ocr_line' id='line_1_22' title="bbox 483 2698 2712 2779; baseline -0.003 -16"><span class='ocrx_word' id='word_1_185' title='bbox 483 2705 766 2779; x_wconf 90' lang='lat' dir='ltr'><strong>serpinae,</strong></span> <span class='ocrx_word' id='word_1_186' title='bbox 820 2704 990 2778; x_wconf 82' lang='lat' dir='ltr'><strong>Aegii</strong></span> <span class='ocrx_word' id='word_1_187' title='bbox 1049 2704 1210 2764; x_wconf 85' lang='lat' dir='ltr'><strong>Jovis</strong></span> <span class='ocrx_word' id='word_1_188' title='bbox 1258 2708 1319 2762; x_wconf 88' lang='lat' dir='ltr'><strong>et</strong></span> <span class='ocrx_word' id='word_1_189' title='bbox 1366 2702 1634 2761; x_wconf 90' lang='lat' dir='ltr'><strong>Herculis</strong></span> <span class='ocrx_word' id='word_1_190' title='bbox 1684 2702 1867 2776; x_wconf 82' lang='lat' dir='ltr'><strong>signa3</strong></span> <span class='ocrx_word' id='word_1_191' title='bbox 1920 2717 2025 2759; x_wconf 89' lang='lat' dir='ltr'><strong>nec</strong></span> <span class='ocrx_word' id='word_1_192' title='bbox 2075 2701 2298 2767; x_wconf 90' lang='lat' dir='ltr'><strong>mirum,</strong></span> <span class='ocrx_word' id='word_1_193' title='bbox 2356 2701 2403 2759; x_wconf 91' lang='lat' dir='ltr'><strong>si</strong></span> <span class='ocrx_word' id='word_1_194' title='bbox 2444 2698 2490 2758; x_wconf 87' lang='lat' dir='ltr'><strong>J</strong></span> <span class='ocrx_word' id='word_1_195' title='bbox 2492 2699 2612 2758; x_wconf 83' lang='lat' dir='ltr'><strong>ovis</strong></span> <span class='ocrx_word' id='word_1_196' title='bbox 2653 2703 2712 2758; x_wconf 91' lang='lat' dir='ltr'><strong>et</strong></span> 
     </span>
     <span class='ocr_line' id='line_1_23' title="bbox 464 2789 2785 2876; baseline -0.003 -15"><span class='ocrx_word' id='word_1_197' title='bbox 464 2789 749 2862; x_wconf 76' lang='lat' dir='ltr'><strong>&#39;Herculis</strong></span> <span class='ocrx_word' id='word_1_198' title='bbox 798 2803 959 2876; x_wconf 85' lang='lat' dir='ltr'><strong>signa</strong></span> <span class='ocrx_word' id='word_1_199' title='bbox 1002 2802 1174 2874; x_wconf 83' lang='lat' dir='ltr'><strong>viris,</strong></span> <span class='ocrx_word' id='word_1_200' title='bbox 1228 2800 1455 2860; x_wconf 87' lang='lat' dir='ltr'><strong>mulieri</strong></span> <span class='ocrx_word' id='word_1_201' title='bbox 1503 2800 1883 2873; x_wconf 87' lang='lat' dir='ltr'><strong>Proserpinae</strong></span> <span class='ocrx_word' id='word_1_202' title='bbox 1935 2798 2301 2858; x_wconf 89' lang='lat' dir='ltr'><strong>simulacrum</strong></span> <span class='ocrx_word' id='word_1_203' title='bbox 2352 2796 2712 2857; x_wconf 89' lang='lat' dir='ltr'><strong>commissum</strong></span> <span class='ocrx_word' id='word_1_204' title='bbox 2775 2858 2785 2867; x_wconf 71' lang='grc'><strong>,</strong></span> 
     </span>
     <span class='ocr_line' id='line_1_24' title="bbox 468 2892 2713 2974; baseline -0.003 -16"><span class='ocrx_word' id='word_1_205' title='bbox 468 2905 626 2959; x_wconf 83' lang='lat' dir='ltr'><strong>erat.</strong></span> <span class='ocrx_word' id='word_1_206' title='bbox 711 2917 861 2960; x_wconf 91' lang='lat' dir='ltr'><strong>anno</strong></span> <span class='ocrx_word' id='word_1_207' title='bbox 901 2916 1038 2959; x_wconf 86' lang='lat' dir='ltr'><strong>vero</strong></span> <span class='ocrx_word' id='word_1_208' title='bbox 1078 2904 1317 2974; x_wconf 88' lang='lat' dir='ltr'><strong>peracto</strong></span> <span class='ocrx_word' id='word_1_209' title='bbox 1367 2898 1441 2958; x_wconf 87' lang='lat' dir='ltr'><strong>ad</strong></span> <span class='ocrx_word' id='word_1_210' title='bbox 1489 2898 1670 2956; x_wconf 90' lang='lat' dir='ltr'><strong>alium</strong></span> <span class='ocrx_word' id='word_1_211' title='bbox 1716 2897 2073 2957; x_wconf 90' lang='lat' dir='ltr'><strong>sacerdotem</strong></span> <span class='ocrx_word' id='word_1_212' title='bbox 2121 2895 2218 2953; x_wconf 91' lang='lat' dir='ltr'><strong>hic</strong></span> <span class='ocrx_word' id='word_1_213' title='bbox 2265 2895 2451 2954; x_wconf 91' lang='lat' dir='ltr'><strong>honor</strong></span> <span class='ocrx_word' id='word_1_214' title='bbox 2490 2892 2713 2953; x_wconf 88' lang='lat' dir='ltr'><strong>defere-</strong></span> 
     </span>
     <span class='ocr_line' id='line_1_25' title="bbox 482 2998 672 3058; baseline 0.011 -3"><span class='ocrx_word' id='word_1_215' title='bbox 482 2998 672 3058; x_wconf 89' lang='lat' dir='ltr'><strong>batur.</strong></span> 
     </span>
    </p>

    <p class='ocr_par' dir='ltr' id='par_1_7' title="bbox 438 3091 2720 3566">
     <span class='ocr_line' id='line_1_26' title="bbox 570 3091 2715 3174; baseline -0.002 -18.821"><span class='ocrx_word' id='word_1_216' title='bbox 570 3097 1004 3174; x_wconf 78' lang='lat' dir='ltr'><strong>‘pervenimus</strong></span> <span class='ocrx_word' id='word_1_217' title='bbox 1043 3097 1163 3155; x_wconf 88' lang='lat' dir='ltr'><strong>iam</strong></span> <span class='ocrx_word' id='word_1_218' title='bbox 1202 3096 1277 3154; x_wconf 89' lang='lat' dir='ltr'><strong>ad</strong></span> <span class='ocrx_word' id='word_1_219' title='bbox 1315 3096 1571 3169; x_wconf 84' lang='lat' dir='ltr'><strong>privatos,</strong></span> <span class='ocrx_word' id='word_1_220' title='bbox 1627 3109 1768 3166; x_wconf 90' lang='lat' dir='ltr'><strong>quos</strong></span> <span class='ocrx_word' id='word_1_221' title='bbox 1821 3108 1893 3150; x_wconf 83' lang='lat' dir='ltr'><strong>ex</strong></span> <span class='ocrx_word' id='word_1_222' title='bbox 1944 3108 2050 3150; x_wconf 86' lang='lat' dir='ltr'><strong>sua</strong></span> <span class='ocrx_word' id='word_1_223' title='bbox 2098 3107 2376 3164; x_wconf 87' lang='lat' dir='ltr'><strong>quemque</strong></span> <span class='ocrx_word' id='word_1_224' title='bbox 2416 3091 2715 3150; x_wconf 86' lang='lat' dir='ltr'><strong>voluntate</strong></span> 
     </span>
     <span class='ocr_line' id='line_1_27' title="bbox 485 3189 2717 3269; baseline -0.004 -15"><span class='ocrx_word' id='word_1_225' title='bbox 485 3195 659 3268; x_wconf 84' lang='lat' dir='ltr'><strong>signis</strong></span> <span class='ocrx_word' id='word_1_226' title='bbox 697 3195 817 3254; x_wconf 89' lang='lat' dir='ltr'><strong>suis</strong></span> <span class='ocrx_word' id='word_1_227' title='bbox 856 3195 1161 3269; x_wconf 84' lang='lat' dir='ltr'><strong>providere</strong></span> <span class='ocrx_word' id='word_1_228' title='bbox 1201 3194 1481 3267; x_wconf 85' lang='lat' dir='ltr'><strong>potuisse</strong></span> <span class='ocrx_word' id='word_1_229' title='bbox 1496 3209 1610 3251; x_wconf 90' lang='lat' dir='ltr'><strong>non</strong></span> <span class='ocrx_word' id='word_1_230' title='bbox 1640 3197 1728 3250; x_wconf 89' lang='lat' dir='ltr'><strong>cst</strong></span> <span class='ocrx_word' id='word_1_231' title='bbox 1753 3190 1912 3262; x_wconf 91' lang='lat' dir='ltr'><strong>quod</strong></span> <span class='ocrx_word' id='word_1_232' title='bbox 1933 3189 2368 3249; x_wconf 91' lang='lat' dir='ltr'><strong>demonstretur.</strong></span> <span class='ocrx_word' id='word_1_233' title='bbox 2431 3204 2717 3262; x_wconf 89' lang='lat' dir='ltr'><strong>pauperes</strong></span> 
     </span>
     <span class='ocr_line' id='line_1_28' title="bbox 486 3286 2720 3376; baseline -0.005 -22"><span class='ocrx_word' id='word_1_234' title='bbox 486 3295 729 3368; x_wconf 90' lang='lat' dir='ltr'><strong>quidem,</strong></span> <span class='ocrx_word' id='word_1_235' title='bbox 772 3295 870 3366; x_wconf 94' lang='lat' dir='ltr'><strong>qui</strong></span> <span class='ocrx_word' id='word_1_236' title='bbox 909 3299 970 3353; x_wconf 91' lang='lat' dir='ltr'><strong>et</strong></span> <span class='ocrx_word' id='word_1_237' title='bbox 1009 3295 1122 3367; x_wconf 90' lang='lat' dir='ltr'><strong>ipsi</strong></span> <span class='ocrx_word' id='word_1_238' title='bbox 1160 3294 1418 3353; x_wconf 89' lang='lat' dir='ltr'><strong>hermam</strong></span> <span class='ocrx_word' id='word_1_239' title='bbox 1457 3297 1616 3352; x_wconf 92' lang='lat' dir='ltr'><strong>certe</strong></span> <span class='ocrx_word' id='word_1_240' title='bbox 1641 3291 2008 3376; x_wconf 88' lang='lat' dir='ltr'><strong>deorumque</strong></span> <span class='ocrx_word' id='word_1_241' title='bbox 2047 3288 2367 3362; x_wconf 87' lang='lat' dir='ltr'><strong>patriorum</strong></span> <span class='ocrx_word' id='word_1_242' title='bbox 2409 3286 2720 3345; x_wconf 89' lang='lat' dir='ltr'><strong>simulacra</strong></span> 
     </span>
     <span class='ocr_line' id='line_1_29' title="bbox 438 3383 2718 3465; baseline -0.005 -12"><span class='ocrx_word' id='word_1_243' title='bbox 438 3389 443 3394; x_wconf 78' lang='grc'><strong><em>’</em></strong></span> <span class='ocrx_word' id='word_1_244' title='bbox 484 3391 882 3465; x_wconf 87' lang='lat' dir='ltr'><strong>possedebant,</strong></span> <span class='ocrx_word' id='word_1_245' title='bbox 922 3392 1079 3464; x_wconf 91' lang='lat' dir='ltr'><strong>ipsos</strong></span> <span class='ocrx_word' id='word_1_246' title='bbox 1120 3408 1190 3451; x_wconf 88' lang='lat' dir='ltr'><strong>ea</strong></span> <span class='ocrx_word' id='word_1_247' title='bbox 1249 3390 1549 3450; x_wconf 88' lang='lat' dir='ltr'><strong>mundasse</strong></span> <span class='ocrx_word' id='word_1_248' title='bbox 1611 3392 1859 3463; x_wconf 89' lang='lat' dir='ltr'><strong>apparet</strong></span> <span class='ocrx_word' id='word_1_249' title='bbox 1869 3387 1946 3462; x_wconf 83' lang='lat'><strong>⁵);</strong></span> <span class='ocrx_word' id='word_1_250' title='bbox 2003 3387 2240 3445; x_wconf 88' lang='lat' dir='ltr'><strong>ditior-es</strong></span> <span class='ocrx_word' id='word_1_251' title='bbox 2290 3390 2482 3443; x_wconf 90' lang='lat' dir='ltr'><strong>autem</strong></span> <span class='ocrx_word' id='word_1_252' title='bbox 2544 3383 2718 3442; x_wconf 84' lang='lat' dir='ltr'><strong>huius</strong></span> 
     </span>
     <span class='ocr_line' id='line_1_30' title="bbox 488 3480 2718 3566; baseline -0.005 -16"><span class='ocrx_word' id='word_1_253' title='bbox 488 3492 711 3566; x_wconf 87' lang='lat' dir='ltr'><strong>generis</strong></span> <span class='ocrx_word' id='word_1_254' title='bbox 749 3490 979 3563; x_wconf 83' lang='lat' dir='ltr'><strong>negotia</strong></span> <span class='ocrx_word' id='word_1_255' title='bbox 1019 3494 1121 3548; x_wconf 85' lang='lat' dir='ltr'><strong>aut</strong></span> <span class='ocrx_word' id='word_1_256' title='bbox 1161 3490 1237 3549; x_wconf 89' lang='lat' dir='ltr'><strong>ad</strong></span> <span class='ocrx_word' id='word_1_257' title='bbox 1278 3488 1527 3561; x_wconf 66' lang='lat' dir='ltr'><strong>servosss)</strong></span> <span class='ocrx_word' id='word_1_258' title='bbox 1570 3492 1672 3547; x_wconf 89' lang='lat' dir='ltr'><strong>aut</strong></span> <span class='ocrx_word' id='word_1_259' title='bbox 1711 3486 1785 3545; x_wconf 91' lang='lat' dir='ltr'><strong>ad</strong></span> <span class='ocrx_word' id='word_1_260' title='bbox 1825 3484 1969 3544; x_wconf 87' lang='lat' dir='ltr'><strong>alios</strong></span> <span class='ocrx_word' id='word_1_261' title='bbox 2010 3483 2282 3558; x_wconf 87' lang='lat' dir='ltr'><strong>quosdam</strong></span> <span class='ocrx_word' id='word_1_262' title='bbox 2321 3482 2579 3541; x_wconf 90' lang='lat' dir='ltr'><strong>homines</strong></span> <span class='ocrx_word' id='word_1_263' title='bbox 2617 3480 2718 3539; x_wconf 91' lang='lat' dir='ltr'><strong>de-</strong></span> 
     </span>
    </p>
   </div>
   <div class='ocr_carea' id='block_1_5' title="bbox 494 3610 918 3619">
    <p class='ocr_par' dir='ltr' id='par_1_8' title="bbox 494 3610 918 3619">
     <span class='ocr_line' id='line_1_31' title="bbox 494 3610 918 3619; baseline 0 1459"><span class='ocrx_word' id='word_1_264' title='bbox 494 3610 918 3619; x_wconf 95' lang='lat' dir='ltr'><strong> </strong></span> 
     </span>
    </p>
   </div>
   <div class='ocr_carea' id='block_1_6' title="bbox 440 3646 2727 4343">
    <p class='ocr_par' dir='ltr' id='par_1_9' title="bbox 507 3646 1222 3718">
     <span class='ocr_line' id='line_1_32' title="bbox 507 3646 1222 3718; baseline -0.001 -12"><span class='ocrx_word' id='word_1_265' title='bbox 507 3646 513 3654; x_wconf 82' lang='lat'>&#39;</span> <span class='ocrx_word' id='word_1_266' title='bbox 631 3652 675 3718; x_wconf 85' lang='lat'><strong>¹)</strong></span> <span class='ocrx_word' id='word_1_267' title='bbox 710 3649 950 3705; x_wconf 89' lang='lat' dir='ltr'><strong>Hermes</strong></span> <span class='ocrx_word' id='word_1_268' title='bbox 988 3649 1065 3705; x_wconf 90' lang='lat' dir='ltr'><strong>IX</strong></span> <span class='ocrx_word' id='word_1_269' title='bbox 1102 3650 1222 3705; x_wconf 77' lang='grc'><strong>258.</strong></span> 
     </span>
    </p>

    <p class='ocr_par' dir='ltr' id='par_1_10' title="bbox 440 3725 2719 3895">
     <span class='ocr_line' id='line_1_33' title="bbox 630 3725 2719 3808; baseline -0.007 -13"><span class='ocrx_word' id='word_1_270' title='bbox 630 3741 677 3808; x_wconf 84' lang='lat'><strong>²)</strong></span> <span class='ocrx_word' id='word_1_271' title='bbox 715 3738 810 3795; x_wconf 74' lang='lat' dir='ltr'><strong>cfr.</strong></span> <span class='ocrx_word' id='word_1_272' title='bbox 867 3738 1183 3795; x_wconf 68' lang='lat' dir='ltr'><strong>Schemann</strong></span> <span class='ocrx_word' id='word_1_273' title='bbox 1237 3752 1318 3805; x_wconf 85' lang='lat' dir='ltr'><strong>gr.</strong></span> <span class='ocrx_word' id='word_1_274' title='bbox 1375 3735 1558 3791; x_wconf 87' lang='lat' dir='ltr'><strong>altert.</strong></span> <span class='ocrx_word' id='word_1_275' title='bbox 1615 3732 1671 3788; x_wconf 90' lang='lat' dir='ltr'>H</span> <span class='ocrx_word' id='word_1_276' title='bbox 1723 3749 1777 3802; x_wconf 89' lang='lat' dir='ltr'><strong>p.</strong></span> <span class='ocrx_word' id='word_1_277' title='bbox 1831 3733 1956 3801; x_wconf 85' lang='lat'><strong>434,</strong></span> <span class='ocrx_word' id='word_1_278' title='bbox 2002 3731 2059 3785; x_wconf 90' lang='lat' dir='ltr'><strong>et</strong></span> <span class='ocrx_word' id='word_1_279' title='bbox 2108 3727 2393 3798; x_wconf 88' lang='lat' dir='ltr'><strong>Thiersch,</strong></span> <span class='ocrx_word' id='word_1_280' title='bbox 2442 3727 2627 3783; x_wconf 90' lang='lat' dir='ltr'><strong>abhdl.</strong></span> <span class='ocrx_word' id='word_1_281' title='bbox 2666 3725 2719 3782; x_wconf 92' lang='lat' dir='ltr'><strong>d.</strong></span> 
     </span>
     <span class='ocr_line' id='line_1_34' title="bbox 440 3815 2652 3895; baseline -0.005 -10"><span class='ocrx_word' id='word_1_282' title='bbox 440 3828 457 3844; x_wconf 75' lang='grc'><strong>“</strong></span> <span class='ocrx_word' id='word_1_283' title='bbox 487 3815 842 3885; x_wconf 66' lang='lat' dir='ltr'><strong>Miinchener‘</strong></span> <span class='ocrx_word' id='word_1_284' title='bbox 863 3826 1149 3882; x_wconf 82' lang='lat' dir='ltr'><strong>akademie</strong></span> <span class='ocrx_word' id='word_1_285' title='bbox 1187 3823 1319 3880; x_wconf 92' lang='lat' dir='ltr'><strong>VIII</strong></span> <span class='ocrx_word' id='word_1_286' title='bbox 1355 3841 1410 3895; x_wconf 90' lang='lat' dir='ltr'><strong>p.</strong></span> <span class='ocrx_word' id='word_1_287' title='bbox 1447 3824 1570 3879; x_wconf 85' lang='lat'><strong>445.</strong></span> <span class='ocrx_word' id='word_1_288' title='bbox 2647 3841 2652 3852; x_wconf 82' lang='lat'><em>·</em></span> 
     </span>
    </p>

    <p class='ocr_par' dir='ltr' id='par_1_11' title="bbox 631 3913 1683 3991">
     <span class='ocr_line' id='line_1_35' title="bbox 631 3913 1683 3991; baseline -0.007 -17"><span class='ocrx_word' id='word_1_289' title='bbox 631 3919 676 3991; x_wconf 84' lang='lat'><strong>³)</strong></span> <span class='ocrx_word' id='word_1_290' title='bbox 714 3918 877 3973; x_wconf 53' lang='lat' dir='ltr'><strong>Paus„</strong></span> <span class='ocrx_word' id='word_1_291' title='bbox 915 3916 1011 3988; x_wconf 90' lang='lat' dir='ltr'><strong>IV,</strong></span> <span class='ocrx_word' id='word_1_292' title='bbox 1045 3918 1133 3986; x_wconf 85' lang='lat'><strong>33,</strong></span> <span class='ocrx_word' id='word_1_293' title='bbox 1170 3918 1202 3971; x_wconf 99' lang='grc'>2</span> <span class='ocrx_word' id='word_1_294' title='bbox 1244 3944 1309 3955; x_wconf 93' lang='grc'>-</span> <span class='ocrx_word' id='word_1_295' title='bbox 1348 3913 1471 3984; x_wconf 93' lang='lat' dir='ltr'><strong>VII,</strong></span> <span class='ocrx_word' id='word_1_296' title='bbox 1508 3916 1595 3983; x_wconf 87' lang='grc'><strong>24,</strong></span> <span class='ocrx_word' id='word_1_297' title='bbox 1633 3915 1683 3967; x_wconf 91' lang='lat'><strong>4.</strong></span> 
     </span>
    </p>

    <p class='ocr_par' dir='ltr' id='par_1_12' title="bbox 631 3999 2030 4075">
     <span class='ocr_line' id='line_1_36' title="bbox 631 3999 2030 4075; baseline -0.009 -11"><span class='ocrx_word' id='word_1_298' title='bbox 631 4007 677 4075; x_wconf 88' lang='lat'><strong>⁴)</strong></span> <span class='ocrx_word' id='word_1_299' title='bbox 712 4007 1001 4063; x_wconf 88' lang='lat' dir='ltr'><strong>Annuaire</strong></span> <span class='ocrx_word' id='word_1_300' title='bbox 1038 4004 1106 4061; x_wconf 89' lang='lat' dir='ltr'><strong>de</strong></span> <span class='ocrx_word' id='word_1_301' title='bbox 1144 4004 1523 4060; x_wconf 85' lang='lat' dir='ltr'><strong>l’association</strong></span> <span class='ocrx_word' id='word_1_302' title='bbox 1559 4003 1666 4056; x_wconf 87' lang='lat' dir='ltr'><strong>etc.</strong></span> <span class='ocrx_word' id='word_1_303' title='bbox 1702 3999 1779 4055; x_wconf 90' lang='lat' dir='ltr'><strong>IX</strong></span> <span class='ocrx_word' id='word_1_304' title='bbox 1815 4016 1869 4069; x_wconf 93' lang='lat' dir='ltr'><strong>p.</strong></span> <span class='ocrx_word' id='word_1_305' title='bbox 1908 3999 2030 4053; x_wconf 84' lang='grc'><strong>328.</strong></span> 
     </span>
    </p>

    <p class='ocr_par' dir='ltr' id='par_1_13' title="bbox 500 4083 2727 4243">
     <span class='ocr_line' id='line_1_37' title="bbox 633 4083 2727 4165; baseline -0.007 -13"><span class='ocrx_word' id='word_1_306' title='bbox 633 4097 681 4165; x_wconf 87' lang='lat'><strong>⁵)</strong></span> <span class='ocrx_word' id='word_1_307' title='bbox 719 4097 904 4152; x_wconf 91' lang='lat' dir='ltr'><strong>nescio</strong></span> <span class='ocrx_word' id='word_1_308' title='bbox 943 4112 1017 4150; x_wconf 88' lang='lat' dir='ltr'><strong>an</strong></span> <span class='ocrx_word' id='word_1_309' title='bbox 1052 4095 1161 4150; x_wconf 91' lang='lat' dir='ltr'><strong>huc</strong></span> <span class='ocrx_word' id='word_1_310' title='bbox 1198 4093 1410 4150; x_wconf 85' lang='lat' dir='ltr'><strong>vasculi</strong></span> <span class='ocrx_word' id='word_1_311' title='bbox 1447 4091 1721 4164; x_wconf 87' lang='lat' dir='ltr'><strong>quaedam</strong></span> <span class='ocrx_word' id='word_1_312' title='bbox 1754 4087 2034 4159; x_wconf 85' lang='lat' dir='ltr'><strong>pertineat</strong></span> <span class='ocrx_word' id='word_1_313' title='bbox 2077 4086 2294 4156; x_wconf 82' lang='lat' dir='ltr'><strong>pictura</strong></span> <span class='ocrx_word' id='word_1_314' title='bbox 2340 4099 2508 4156; x_wconf 87' lang='lat' dir='ltr'><strong>quam</strong></span> <span class='ocrx_word' id='word_1_315' title='bbox 2556 4083 2727 4139; x_wconf 91' lang='lat' dir='ltr'><strong>edidit</strong></span> 
     </span>
     <span class='ocr_line' id='line_1_38' title="bbox 500 4180 1971 4243; baseline -0.008 1"><span class='ocrx_word' id='word_1_316' title='bbox 500 4186 631 4243; x_wconf 88' lang='lat' dir='ltr'><strong>Otto</strong></span> <span class='ocrx_word' id='word_1_317' title='bbox 670 4186 821 4242; x_wconf 84' lang='lat' dir='ltr'><strong>Jahn</strong></span> <span class='ocrx_word' id='word_1_318' title='bbox 855 4186 915 4240; x_wconf 90' lang='lat' dir='ltr'><strong>in</strong></span> <span class='ocrx_word' id='word_1_319' title='bbox 950 4184 1192 4241; x_wconf 67' lang='lat' dir='ltr'><strong>archaol.</strong></span> <span class='ocrx_word' id='word_1_320' title='bbox 1241 4202 1285 4241; x_wconf 91' lang='lat' dir='ltr'><strong>z.</strong></span> <span class='ocrx_word' id='word_1_321' title='bbox 1328 4184 1463 4239; x_wconf 84' lang='lat'>1867</span> <span class='ocrx_word' id='word_1_322' title='bbox 1500 4182 1611 4237; x_wconf 90' lang='lat' dir='ltr'><strong>tab.</strong></span> <span class='ocrx_word' id='word_1_323' title='bbox 1651 4181 1755 4235; x_wconf 82' lang='grc'><strong>225</strong></span> <span class='ocrx_word' id='word_1_324' title='bbox 1794 4193 1882 4233; x_wconf 91' lang='lat' dir='ltr'><strong>no.</strong></span> <span class='ocrx_word' id='word_1_325' title='bbox 1923 4180 1971 4233; x_wconf 93' lang='grc'><strong>2.</strong></span> 
     </span>
    </p>

    <p class='ocr_par' dir='ltr' id='par_1_14' title="bbox 636 4270 1723 4343">
     <span class='ocr_line' id='line_1_39' title="bbox 636 4270 1723 4343; baseline -0.006 -14"><span class='ocrx_word' id='word_1_326' title='bbox 636 4275 682 4343; x_wconf 73' lang='lat'><strong>⁰)</strong></span> <span class='ocrx_word' id='word_1_327' title='bbox 719 4273 817 4333; x_wconf 87' lang='lat' dir='ltr'><strong>cfr.</strong></span> <span class='ocrx_word' id='word_1_328' title='bbox 858 4273 919 4329; x_wconf 86' lang='lat' dir='ltr'><strong>G.</strong></span> <span class='ocrx_word' id='word_1_329' title='bbox 957 4272 1001 4329; x_wconf 93' lang='grc' dir='ltr'><strong>Ι.</strong></span> <span class='ocrx_word' id='word_1_330' title='bbox 1039 4273 1102 4329; x_wconf 93' lang='lat' dir='ltr'><strong>L.</strong></span> <span class='ocrx_word' id='word_1_331' title='bbox 1140 4272 1195 4328; x_wconf 94' lang='lat' dir='ltr'><strong>II</strong></span> <span class='ocrx_word' id='word_1_332' title='bbox 1234 4275 1397 4329; x_wconf 79' lang='lat'>2270:</span> <span class='ocrx_word' id='word_1_333' title='bbox 1436 4289 1469 4326; x_wconf 89' lang='lat' dir='ltr'><strong>a</strong></span> <span class='ocrx_word' id='word_1_334' title='bbox 1506 4270 1723 4326; x_wconf 67' lang='lat' dir='ltr'><strong>statuis</strong></span> 
     </span>
    </p>
   </div>
  </div>
 </body>
</html>
