3226 5078
1364 507 1806 571 -55-

478 703 596 762 385
657 717 806 761 anno
868 718 1068 761 rursus
1127 701 1315 779 ταμίαι
1373 706 1470 781 τῆς
1531 702 1666 762 θεοῦ
1729 704 1812 779 (h.
1866 720 1916 764 e.
1968 702 2293 781 Minervae)
2345 719 2453 777 per
2492 719 2554 763 se
2594 704 2703 763 soli

477 800 1059 875 commemorantur.¹)
1148 801 1253 860 hos
1313 816 1536 873 quoque
1600 806 1954 873 quaestores,
2018 803 2228 876 quippe
2288 801 2388 874 qui
2449 817 2702 860 summae

476 897 775 970 dignitatis
815 903 1008 957 essent
1045 898 1431 971 magistratus,
1475 903 1699 958 statuas
1738 915 1853 958 non
1891 900 2046 972 ipsos
2073 899 2411 959 emundasse
2438 898 2539 958 sed
2566 915 2703 958 con-

478 994 719 1053 suluisse
746 994 915 1054 modo
940 988 1006 1054 ut
1033 995 1266 1069 pulvere
1295 1012 1363 1054 ac
1390 995 1559 1054 sorde
1586 996 1815 1068 saepius
1840 994 2223 1055 liberarentur
2258 1010 2422 1055 nemo
2451 997 2703 1070 negabit.

633 1092 969 1164 plerumque
1017 1097 1209 1150 autem
1258 1107 1371 1150 non
1421 1108 1457 1151 a
1505 1091 1804 1164 republica
1850 1093 2226 1166 magistratus
2275 1092 2491 1165 publici
2533 1093 2703 1153 electi

477 1195 627 1257 sunt,
670 1189 770 1261 qui
811 1189 988 1263 signis
1027 1188 1156 1248 loco
1197 1204 1360 1249 sacro
1399 1189 1598 1262 positis
1641 1206 1874 1264 operam
1916 1191 2054 1250 dare
2110 1191 2398 1251 deberent.
2452 1191 2554 1250 sed
2606 1208 2705 1250 sa-

477 1286 735 1346 cerdotes
783 1287 920 1345 huic
968 1287 1052 1345 rei
1105 1286 1456 1346 consuluisse
1507 1292 1748 1349 constat.
1800 1289 1850 1347 si
1890 1288 2138 1360 primum
2179 1288 2251 1347 de
2292 1287 2415 1346 eius
2470 1288 2564 1347 dei
2612 1289 2703 1347 cui

481 1387 731 1445 dicatum
773 1391 900 1446 erat
939 1385 1216 1459 templum
1257 1385 1563 1445 simulacro
1603 1387 1945 1460 quaerimus,
1988 1387 2100 1446 hoc
2138 1387 2369 1460 quidem
2408 1401 2634 1460 semper
2668 1403 2707 1444 a

475 1484 804 1557 phaedynta
852 1484 1097 1556 quodam
1148 1484 1248 1556 qui
1306 1483 1619 1545 vocabatur
1680 1486 2044 1545 emundatum
2106 1502 2230 1546 esse
2289 1490 2572 1562 putamus.
2655 1486 2706 1543 si

478 1582 625 1639 enim
666 1581 991 1656 Hesychius
1031 1599 1075 1640 S.
1119 1600 1172 1641 v.
1217 1582 1505 1660 φαιδυντής
1542 1584 1782 1656 exponit
1821 1583 1851 1641 ὃ
1877 1584 1941 1641 τὸ
1983 1583 2107 1649 ἕδος
2118 1584 2164 1659 ²)
2216 1585 2313 1642 τοῦ
2353 1581 2489 1645 θεοῦ
2528 1581 2704 1660 θερα-

478 1677 678 1751 πεύων,
732 1680 865 1739 inde
916 1695 1198 1753 apparere
1247 1679 1412 1739 nobis
1459 1680 1718 1749 videtur,
1769 1680 1831 1738 in
1880 1682 2098 1740 maiore
2150 1685 2308 1740 certe
2366 1695 2707 1753 unoquoque

483 1779 696 1850 templo
757 1779 909 1838 hunc
969 1783 1294 1838 curatorem
1355 1779 1666 1839 exstitisse:
1732 1779 1904 1839 aliter
1965 1780 2114 1838 enim
2165 1779 2503 1852 scripsisset,
2557 1780 2607 1838 si
2646 1780 2707 1836 in

479 1877 677 1948 paucis
719 1877 887 1935 modo
936 1877 1054 1936 illis
1094 1877 1322 1951 templis
1363 1877 1435 1936 de
1476 1878 1683 1950 quibus
1723 1893 1897 1950 supra
1937 1877 2299 1952 exposuimus
2348 1875 2709 1951 phaedyntas

480 1974 640 2047 signo
684 1975 1032 2034 consuluisse
1081 1976 1468 2050 iudicasset.³)
1544 1976 1607 2034 in
1656 1975 1969 2035 minoribus
2017 1993 2154 2035 vero
2215 1975 2448 2048 templis
2507 1990 2703 2034 sacer-

478 2071 643 2132 dotes
682 2072 795 2146 ipsi
835 2073 958 2131 sine
999 2073 1172 2133 dubio
1212 2074 1322 2133 hoc
1361 2090 1601 2133 munere
1636 2072 1817 2132 functi
1857 2078 2004 2133 sunt.
2019 2074 2068 2150 ⁴)
2150 2074 2254 2132 hos
2294 2077 2488 2132 autem
2539 2088 2706 2130 cura-

480 2177 634 2231 tores
674 2187 710 2230 a
750 2171 1047 2231 sacerdote
1087 2188 1304 2232 summo
1346 2173 1558 2232 electos
1598 2188 1723 2231 esse
1762 2171 1935 2231 valde
1983 2171 2284 2246 probabile
2333 2171 2593 2237 videtum
2647 2174 2706 2229 et

481 2271 818 2343 plerumque
857 2270 1078 2329 nullum
1118 2271 1277 2330 aliud
1317 2271 1394 2330 ad
1433 2287 1531 2330 eos
1573 2270 1824 2331 delatum
1864 2269 2039 2331 fuisse
2088 2271 2379 2344 negotium
2430 2268 2704 2341 comperi·
2779 2326 2784 2333 .

480 2383 622 2436 mus,
665 2368 776 2427 nisi
815 2373 883 2426 ut
923 2369 1195 2441 orthapto
1235 2368 1543 2428 simulacra
1582 2371 1820 2442 pulvere
1859 2374 1919 2428 et
1958 2368 2127 2428 sorde
2161 2365 2553 2442 purga-enm)
2611 2365 2706 2424 de-

483 2482 645 2524 arum
684 2465 914 2538 quidem
955 2466 1277 2526 simulacris
1316 2483 1430 2525 non
1470 2483 1604 2525 raro
1645 2467 1912 2525 mulieres
1952 2466 2041 2524 vel
2081 2466 2351 2538 virgines,
2405 2480 2549 2536 quae
2599 2463 2707 2521 hoc

485 2579 718 2624 munere
759 2563 1143 2637 fungerentur,
1190 2565 1402 2623 electas
1443 2580 1565 2623 esse
1607 2564 1918 2637 putaveris,
1961 2564 2119 2624 velut
2142 2564 2388 2622 Athenis
2428 2560 2707 2640 λουτρίδας

478 2662 596 2721 sive
617 2661 938 2739 πλυντρίδας
965 2661 1253 2720 exstitisse
1281 2665 1525 2734 constat,
1550 2659 1646 2718 δύο
1675 2660 1841 2738 κόρας
1867 2658 1989 2738 περὶ
2008 2659 2071 2718 τὸ
2093 2659 2216 2724 ἕδος
2242 2663 2339 2737 τῆς
2357 2658 2606 2736 Ἀθηνᾶς
2622 2658 2702 2736 ⁶);

484 2761 583 2819 sed
624 2760 800 2818 etiam
842 2758 1170 2837 κατανίπτης
1208 2763 1696 2832 commemoratur,
1738 2759 1837 2831 qui
1863 2765 2058 2832 partes
2084 2757 2383 2817 inferiores
2409 2759 2708 2818 Minervae

481 2859 637 2931 pepli
679 2858 849 2917 sorde
891 2857 1125 2917 affectas
1165 2856 1399 2917 abluere
1439 2857 1689 2917 deberet.
1704 2857 1752 2933 ⁷)

624 3067 665 3141 1)
702 3069 811 3128 vid.
848 3067 1056 3124 ibidem
1090 3084 1144 3139 p.
1185 3070 1304 3124 235.

621 3159 664 3227 ²)
702 3157 810 3212 vid.
849 3156 918 3211 de
956 3157 1059 3211 hac
1093 3173 1229 3213 voce
1266 3174 1410 3229 quae
1447 3157 1706 3228 exposuit
1739 3156 1811 3212 M.
1849 3155 2113 3228 Frankel,
2151 3157 2220 3212 de
2255 3157 2441 3213 verbis
2478 3156 2707 3227 potiori·

480 3246 583 3302 bus
622 3249 726 3303 etc.
763 3263 818 3317 p.
858 3248 927 3302 24
964 3262 1087 3318 sqq.

622 3336 664 3406 ³)
705 3337 934 3407 accedit,
989 3336 1139 3408 quod
1191 3336 1251 3390 in
1287 3335 1409 3390 aliis
1464 3351 1687 3406 quoque
1722 3333 1946 3405 templis
1999 3334 2377 3405 phaedyntam
2431 3333 2709 3388 exstitisse

483 3425 706 3482 aliunde
762 3428 999 3496 constat,
1055 3424 1151 3481 cfr.
1206 3424 1513 3480 Mommsen
1566 3424 1801 3480 heortol.
1862 3439 1964 3495 pp.
2021 3425 2300 3479 227—236
2361 3425 2417 3477 et
2463 3421 2591 3477 Keil
2649 3422 2709 3475 in

483 3515 682 3571 Phflol.
724 3517 858 3571 1866
895 3531 948 3587 p.
988 3517 1109 3570 216.

626 3603 671 3677 ⁴)
708 3605 777 3660 A.
813 3604 1121 3660 Mommsen
1157 3603 1389 3660 heortol.
1443 3620 1498 3676 p.
1555 3605 1657 3658 227
1705 3604 1761 3657 et
1806 3604 1908 3658 236
1953 3601 2132 3672 primo
2172 3600 2394 3672 quidem
2428 3598 2707 3654 inferioris

490 3694 701 3749 ordinis
740 3695 841 3749 hos
877 3693 1224 3764 phaedyntas
1259 3691 1431 3747 fuisse
1466 3691 1699 3759 iudicat3
1755 3691 1848 3745 vix
1881 3693 2059 3746 recte:
2113 3690 2271 3745 initio
2328 3689 2475 3744 enim
2510 3705 2706 3744 unum-

490 3799 765 3854 quemque
804 3781 1147 3838 sacerdotem
1183 3782 1367 3852 ips‘um
1403 3781 1571 3837 etiam
1605 3779 1957 3851 phaedyntae
1983 3778 2163 3834 officia
2184 3779 2530 3850 praestitisse
2555 3780 2709 3848 puto,

491 3875 685 3942 postea
722 3872 962 3942 demum,
998 3887 1124 3926 cum
1159 3871 1219 3924 in
1254 3870 1372 3925 dies
1428 3871 1767 3937 augerentur
1812 3868 2114 3923 sacerdotis
2153 3884 2389 3923 munera
2435 3867 2506 3922 ad
2542 3866 2711 3921 alium

491 3962 592 4017 hoc
631 3960 869 4016 officium
903 3960 1087 4014 minus
1124 3974 1291 4028 grave
1329 3957 1574 4013 delatum
1610 3973 1734 4012 esse
1770 3956 2003 4013 videtur.

631 4051 675 4120 ⁵)
713 4048 913 4105 Pollux
955 4047 1072 4119 VII,
1108 4050 1193 4104 69.

629 4139 673 4208 ὃ)
712 4138 956 4194 Poliadis
992 4136 1279 4205 intellege;
1319 4134 1414 4192 cfr.
1453 4133 1612 4193 Phot.
1650 4151 1705 4205 p.
1745 4136 1864 4191 231.

632 4228 676 4297 ⁷>
715 4227 897 4297 Etym.
933 4226 1003 4282 M.
1041 4242 1095 4297 p.
1133 4229 1255 4281 494.
