3226 5078
1364 535 1803 598 ...49-

466 742 614 798 quae
648 725 796 798 «alia,
821 726 999 785 fuisse
1038 741 1143 800 pro
1187 728 1481 787 simulacri
1521 728 1769 796 materia
1806 734 2063 802 apparet.
2152 747 2223 791 ac
2262 729 2430 803 signa
2469 729 2697 801 quidem

464 824 655 898 lignea
693 839 808 881 non
850 839 982 882 raro
1021 824 1197 882 minio
1240 825 1487 885 obducta
1527 842 1650 885 esse
1691 826 2089 900 comperimus,
2103 826 2149 902 ¹)
2210 828 2371 887 velut
2397 828 2695 902 Phigaliae

464 921 523 978 in
549 920 751 979 Liberi
793 921 1012 994 templo
1055 922 1421 982 simulacrum
1451 924 1572 983 eius
1599 924 1870 983 exstabat
1895 925 2162 1000 ligneum,
2208 927 2369 992 cuius
2395 925 2697 986 inferiores

460 1025 656 1091 partes
713 1020 965 1092 conspici
1015 1036 1127 1078 non
1179 1024 1451 1096 poterant
1483 1020 1638 1094 ·quia
1685 1022 1937 1082 hederae
1987 1028 2047 1082 et
2085 1023 2237 1082 lauri
2279 1025 2456 1083 densa
2493 1021 2697 1083 fronde

464 1116 833 1188 velabantur3
880 1133 1028 1189 quae
1068 1123 1262 1177 autem
1302 1119 1365 1176 in
1391 1123 1896 1192 conspectuerant
1922 1125 2121 1194 partes
2147 1121 2458 1192 simulacri,
2500 1123 2694 1180 cinna-

464 1214 606 1273 baro
648 1215 755 1273 has
796 1214 1004 1274 oblitas
1043 1220 1217 1287 atque
1255 1216 1624 1275 illuminatas·
1648 1232 1929 1277 cerneres,
1944 1215 1993 1292 2)

625 1313 801 1371 etiam
840 1312 956 1371 alio
998 1314 1206 1373 deinde
1245 1315 1304 1371 in
1346 1314 1669 1373 simulacris
1707 1314 1802 1373 his
1841 1314 2249 1375 conservandis
2276 1314 2532 1374 remedio
2561 1332 2694 1375 usos

465 1425 593 1468 esse
631 1411 886 1471 Graecos
928 1418 1020 1470 ex'
1039 1412 1210 1473 Paus.
1253 1413 1341 1471 IX
1379 1415 1477 1481 41,
1509 1414 1544 1470 7
1587 1413 1876 1472 discimus.
1934 1411 2307 1472 Chaeroneae
2347 1413 2500 1471 enim
2525 1414 2690 1473 varia

462 1513 755 1583 unguenta
797 1524 869 1566 ex
910 1507 1147 1568 floribus
1187 1510 1481 1582 coquendo
1523 1509 1786 1570 confecta
1823 1526 1949 1570 esse
1974 1511 2181 1570 tradit:
2226 1527 2296 1569 eo
2323 1516 2518 1570 autem
2545 1512 2695 1584 quod

464 1620 535 1662 ex
576 1606 724 1665 rosis
763 1605 930 1665 fieret
969 1607 1022 1665 si
1060 1608 1251 1680 lignea
1276 1608 1438 1681 signa
1463 1614 1941 1682 perungerentur‚
1984 1607 2155 1667 facile
2185 1614 2389 1668 contra
2415 1610 2693 1668 materiae

463 1703 654 1762 tabem
694 1702 925 1762 defendi
963 1720 1150 1777 posse.

622 1808 926 1874 praeterea
965 1803 1115 1860 hunc
1154 1818 1372 1861 morem
1412 1802 1663 1874 viguisse
1706 1808 1950 1874 constat,
1993 1809 2060 1861 ut
2086 1804 2355 1862 tenuibus
2382 1805 2511 1862 auri
2537 1804 2693 1864 foliis

464 1901 768 1959 simulacra
827 1901 1021 1974 lignea
1059 1905 1410 1973 tegerentur:
1475 1917 1611 1958 nam
1650 1900 1855 1959 Liberi
1896 1900 2125 1972 quidem
2165 1902 2390 1974 signum
2434 1901 2695 1961 Corinthi

463 1998 527 2055 in
565 1999 783 2070 templo
823 1999 876 2056 ei
918 1999 1171 2058 dicatum
1210 2003 1442 2071 praeter
1480 1996 1687 2057 faciem
1726 2003 1916 2057 totum
1940 1998 2284 2072 inauratum,
2328 1999 2476 2057 hanc
2502 2005 2693 2058 autem

467 2098 660 2156 colore
699 2097 871 2155 rubro
910 2099 968 2157 h.
1011 2115 1058 2157 e.
1103 2098 1279 2156 minio
1321 2097 1561 2156 oblitam
1600 2096 1780 2157 fuisse
1820 2097 2216 2171 comperimus,
2233 2094 2283 2173 ⁸)
2340 2097 2593 2170 itemque
2622 2098 2694 2156 de

466 2194 764 2254 Minervae
822 2197 984 2270 signo
1049 2196 1332 2255 acrolitho
1392 2195 1759 2254 iudicandum
1798 2196 2030 2254 videtur
2069 2195 2218 2267 quod
2258 2196 2506 2269 Aegirae
2548 2195 2696 2254 vidit

461 2291 779 2353 Pausanias
790 2295 864 2370 ⁴):
928 2295 1038 2354 hoc
1098 2294 1245 2353 enim
1309 2311 1437 2353 cum
1486 2294 1816 2353 inauratum
1857 2296 1916 2350 et
1957 2292 2245 2352 coloribus
2285 2291 2620 2369 (φαρμάκοις
2630 2291 2688 2370 ‘?)

460 2388 793 2449 distinctum
834 2390 1009 2451 fuisse
1050 2391 1232 2460 dicat,
1295 2391 1517 2451 colores
1555 2390 1786 2464 quidem
1828 2390 1903 2449 ad
1944 2389 2148 2449 faciem
2188 2390 2355 2449 modo
2397 2382 2690 2449 simulacri

455 2488 724 2548 videntur
762 2472 1125 2563 pertinuisse.
1188 2490 1352 2563 signa
1391 2500 1583 2549 autem
1627 2505 1659 2547 e
1688 2488 1857 2548 cedro
1887 2488 2182 2561 exsculpta
2208 2503 2355 2561 quae
2385 2487 2685 2561 Olympiae

454 2587 516 2646 in
554 2583 982 2661 Megarensium
1041 2588 1312 2650 thesauro
1373 2585 1630 2659 reposita
1669 2592 1862 2660 eraut,
1928 2602 2071 2645 auro
2112 2585 2235 2645 solo
2278 2585 2688 2658 superinducto

459 2689 667 2749 ornata
706 2684 883 2743 fuisse
924 2684 1242 2744 Pausanias
1257 2683 1305 2760 ⁵)
1345 2688 1552 2742 auctor
1591 2689 1710 2751 est;
1760 2683 2023 2757 idemque
2064 2683 2135 2743 de
2174 2684 2478 2743 Minervae
2518 2683 2694 2742 simu-

456 2783 615 2841 lacre
644 2782 887 2855 Delphis
926 2787 1142 2842 statuto
1179 2786 1532 2854 compertum
1558 2781 1851 2841 habemus,
1865 2778 1914 2855 ⁶)
1955 2798 2086 2853 »qua
2094 2797 2322 2853 mquam
2349 2780 2444 2840 hic
2471 2797 2693 2853 quoque

603 2917 644 2985 ¹)
682 2914 855 2969 minio
892 2915 1053 2983 signa
1090 2913 1257 2968 etiam
1294 2929 1364 2967 ex
1402 2911 1603 2981 arg-illa
1637 2910 1784 2966 facta
1820 2912 1993 2968 oblita
2016 2911 2189 2967 fuisse
2215 2929 2283 2967 ex
2307 2911 2454 2967 Plut.
2480 2914 2692 2983 quaest.

457 3020 594 3059 rom.
648 3005 768 3073 (98)
805 3005 863 3058 et
897 3002 1065 3057 Plinii
1100 3003 1154 3058 h.
1191 3018 1246 3057 n.
1284 3000 1502 3070 (XXXV
1537 3000 1775 3072 43—45)
1813 3000 2099 3071 discimus,
2156 3016 2492 3071 quamquam
2529 3000 2588 3054 hi
2624 3000 2693 3055 de

459 3093 494 3148 J
498 3094 614 3148 ovis
653 3092 954 3164 Capitolini
989 3092 1287 3147 simulacro
1321 3091 1493 3146 verba
1527 3089 1755 3146 faciunt.
1818 3089 1985 3144 fictile
2020 3089 2168 3144 enim
2202 3090 2308 3145 hoc
2334 3088 2692 3146 simulacrum

458 3181 678 3237 miniari
721 3182 938 3237 solebat
945 3204 960 3250 3
1017 3181 1240 3251 saepius
1285 3196 1419 3236 vero
1465 3178 1823 3236 oblinendum
1870 3181 1991 3234 erat
2024 3178 2257 3232 minium
2301 3179 2433 3249 (quo
2471 3180 2692 3234 vetusta

460 3271 620 3339 signa
680 3270 852 3326 oblini
904 3269 1072 3325 solita
1125 3285 1248 3324 esse
1303 3265 1677 3337 adiungitur),
1732 3266 1863 3337 quia
1897 3266 2053 3320 brevi
2086 3267 2336 3336 tempore
2372 3266 2691 3322 deflorebat.

458 3358 557 3414 sed
591 3360 808 3429 nesciO,
854 3375 927 3414 an
961 3359 1022 3414 in
1057 3358 1143 3413 his
1182 3357 1408 3429 quidem
1446 3356 1755 3412 simulacris
1791 3356 2025 3410 minium
2049 3372 2163 3411 non
2185 3359 2303 3410 tam
2327 3357 2690 3412 conservandi

458 3465 627 3520 quam
662 3449 897 3504 ornandi
933 3464 1101 3503 causa
1136 3447 1385 3503 additum
1423 3447 1512 3502 sit.

597 3554 665 3592 ex
722 3538 975 3593 omnibus
1030 3539 1216 3592 autem
1263 3551 1405 3607 quae
1452 3534 1624 3590 allata
1659 3536 1791 3589 sunt
1828 3533 2096 3604 exemplis
2132 3532 2238 3589 hoc
2276 3532 2417 3589 effici
2451 3533 2690 3604 videtur,

458 3625 642 3695 sigilla
693 3626 799 3682 hoc
832 3627 997 3682 modo
1041 3627 1217 3681 tincta
1271 3640 1385 3679 non
1434 3623 1545 3678 nisi
1580 3623 1642 3678 in
1677 3621 1907 3679 aedibus
1943 3622 2129 3692 posita
2163 3620 2360 3689 fuisse;
2414 3638 2596 3693 neque
2631 3623 2692 3678 id
2753 3655 2759 3660 -

455 3716 684 3786 mirum,
740 3731 866 3770 cum
919 3715 1188 3771 imbribus
1245 3730 1292 3770 e.
1331 3729 1382 3782 g.
1420 3711 1654 3767 minium
1692 3711 1882 3770 statim
1919 3710 2251 3767 dissolutum
2290 3712 2348 3764 et
2383 3710 2488 3766 hoc
2523 3711 2687 3767 modo

456 3803 679 3872 signum
713 3805 1017 3874 pollutum
1029 3805 1191 3858 esset.

596 3893 641 3965 ²)
678 3892 842 3949 Paus.
879 3891 1031 3963 VIII,
1066 3893 1154 3962 39,
1191 3893 1241 3946 6.

596 3980 640 4050 ³)
675 3982 808 4039 ibid.
843 3980 917 4053 ΙΙ,
955 3984 1006 4053 2,
1043 3983 1093 4037 6.

596 4074 639 4144 ⁴)
675 4075 810 4130 ibid.
845 4073 970 4146 VII,
1006 4076 1093 4144 26,
1128 4077 1178 4132 4.

598 4163 643 4236 ⁵)
679 4163 812 4220 ibid.
850 4162 938 4234 vl,
981 4164 1063 4233 19,
1104 4164 1184 4217 12.

595 4250 641 4323 ὅ)
678 4252 811 4310 ibid.
848 4251 915 4322 X,
958 4253 1039 4321 15,
1078 4253 1126 4306 5.
