<?xml version="1.0" encoding="UTF-8"?>
<!DOCTYPE html PUBLIC "-//W3C//DTD XHTML 1.0 Transitional//EN"
    "http://www.w3.org/TR/xhtml1/DTD/xhtml1-transitional.dtd">
<html xmlns="http://www.w3.org/1999/xhtml" xml:lang="en" lang="en">
 <head>
  <title>
</title>
<meta http-equiv="Content-Type" content="text/html;charset=utf-8" />
  <meta name='ocr-system' content='tesseract 3.04.00' />
  <meta name='ocr-capabilities' content='ocr_page ocr_carea ocr_par ocr_line ocrx_word'/>
</head>
<body>
  <div class='ocr_page' id='page_1' title='image "./decurastatuarum00kuhngoog_0046.png"; bbox 0 0 3226 5078; ppageno 0'>
   <div class='ocr_carea' id='block_1_1' title="bbox 1459 583 1887 647">
    <p class='ocr_par' dir='ltr' id='par_1_1' title="bbox 1459 583 1887 647">
     <span class='ocr_line' id='line_1_1' title="bbox 1459 583 1887 647; baseline -0.005 -16"><span class='ocrx_word' id='word_1_1' title='bbox 1459 583 1887 647; x_wconf 72' lang='lat'><strong>—33-</strong></span> 
     </span>
    </p>
   </div>
   <div class='ocr_carea' id='block_1_2' title="bbox 560 773 2801 1334">
    <p class='ocr_par' dir='ltr' id='par_1_2' title="bbox 560 773 2801 1334">
     <span class='ocr_line' id='line_1_2' title="bbox 560 773 2795 847; baseline -0.001 -14"><span class='ocrx_word' id='word_1_2' title='bbox 560 776 694 834; x_wconf 90' lang='lat' dir='ltr'><strong>dem</strong></span> <span class='ocrx_word' id='word_1_3' title='bbox 754 776 975 833; x_wconf 87' lang='lat' dir='ltr'><strong>violare</strong></span> <span class='ocrx_word' id='word_1_4' title='bbox 1036 791 1238 834; x_wconf 88' lang='lat' dir='ltr'><strong>ausum</strong></span> <span class='ocrx_word' id='word_1_5' title='bbox 1299 793 1424 835; x_wconf 88' lang='lat' dir='ltr'><strong>esse</strong></span> <span class='ocrx_word' id='word_1_6' title='bbox 1487 777 1813 845; x_wconf 87' lang='lat' dir='ltr'><strong>simulacra,</strong></span> <span class='ocrx_word' id='word_1_7' title='bbox 1877 774 2024 847; x_wconf 83' lang='lat' dir='ltr'><strong>quae</strong></span> <span class='ocrx_word' id='word_1_8' title='bbox 2075 780 2178 833; x_wconf 93' lang='lat' dir='ltr'><strong>aut</strong></span> <span class='ocrx_word' id='word_1_9' title='bbox 2226 790 2297 832; x_wconf 89' lang='lat' dir='ltr'><strong>ex</strong></span> <span class='ocrx_word' id='word_1_10' title='bbox 2346 773 2531 832; x_wconf 89' lang='lat' dir='ltr'><strong>forma</strong></span> <span class='ocrx_word' id='word_1_11' title='bbox 2581 778 2684 832; x_wconf 90' lang='lat' dir='ltr'><strong>aut</strong></span> <span class='ocrx_word' id='word_1_12' title='bbox 2723 790 2795 832; x_wconf 84' lang='lat' dir='ltr'><strong>ex</strong></span> 
     </span>
     <span class='ocr_line' id='line_1_3' title="bbox 562 871 2797 946; baseline -0.001 -16"><span class='ocrx_word' id='word_1_13' title='bbox 562 873 739 931; x_wconf 92' lang='lat' dir='ltr'><strong>titulo</strong></span> <span class='ocrx_word' id='word_1_14' title='bbox 792 873 1028 931; x_wconf 90' lang='lat' dir='ltr'><strong>deorum</strong></span> <span class='ocrx_word' id='word_1_15' title='bbox 1078 890 1202 933; x_wconf 89' lang='lat' dir='ltr'><strong>esse</strong></span> <span class='ocrx_word' id='word_1_16' title='bbox 1255 878 1583 946; x_wconf 82' lang='lat' dir='ltr'>appareret.</span> <span class='ocrx_word' id='word_1_17' title='bbox 1659 874 1864 946; x_wconf 91' lang='lat' dir='ltr'><strong>quanti</strong></span> <span class='ocrx_word' id='word_1_18' title='bbox 1912 879 2105 931; x_wconf 88' lang='lat' dir='ltr'><strong>autem</strong></span> <span class='ocrx_word' id='word_1_19' title='bbox 2152 872 2312 931; x_wconf 86' lang='lat' dir='ltr'><strong>urbis</strong></span> <span class='ocrx_word' id='word_1_20' title='bbox 2362 871 2657 930; x_wconf 89' lang='lat' dir='ltr'><strong>cuiusdam</strong></span> <span class='ocrx_word' id='word_1_21' title='bbox 2708 871 2797 928; x_wconf 91' lang='lat' dir='ltr'><strong>in-</strong></span> 
     </span>
     <span class='ocr_line' id='line_1_4' title="bbox 564 970 2799 1044; baseline -0.001 -15"><span class='ocrx_word' id='word_1_22' title='bbox 564 972 728 1030; x_wconf 88' lang='lat' dir='ltr'><strong>colae</strong></span> <span class='ocrx_word' id='word_1_23' title='bbox 778 970 874 1028; x_wconf 90' lang='lat' dir='ltr'><strong>dei</strong></span> <span class='ocrx_word' id='word_1_24' title='bbox 926 970 1026 1042; x_wconf 93' lang='lat' dir='ltr'><strong>qui</strong></span> <span class='ocrx_word' id='word_1_25' title='bbox 1075 971 1137 1028; x_wconf 91' lang='lat' dir='ltr'><strong>in</strong></span> <span class='ocrx_word' id='word_1_26' title='bbox 1189 987 1260 1029; x_wconf 89' lang='lat' dir='ltr'><strong>ea</strong></span> <span class='ocrx_word' id='word_1_27' title='bbox 1301 971 1601 1029; x_wconf 79' lang='lat' dir='ltr'><strong>colebatur</strong></span> <span class='ocrx_word' id='word_1_28' title='bbox 1642 972 1864 1044; x_wconf 88' lang='lat' dir='ltr'><strong>signum</strong></span> <span class='ocrx_word' id='word_1_29' title='bbox 1905 970 2334 1029; x_wconf 82' lang='lat' dir='ltr'><strong>aestimaverint</strong></span> <span class='ocrx_word' id='word_1_30' title='bbox 2374 975 2434 1027; x_wconf 89' lang='lat' dir='ltr'><strong>et</strong></span> <span class='ocrx_word' id='word_1_31' title='bbox 2473 985 2645 1041; x_wconf 89' lang='lat' dir='ltr'><strong>quam</strong></span> <span class='ocrx_word' id='word_1_32' title='bbox 2685 985 2799 1026; x_wconf 92' lang='lat' dir='ltr'><strong>non</strong></span> 
     </span>
     <span class='ocr_line' id='line_1_5' title="bbox 567 1067 2801 1142; baseline -0.001 -16"><span class='ocrx_word' id='word_1_33' title='bbox 567 1067 787 1126; x_wconf 88' lang='lat' dir='ltr'><strong>violare</strong></span> <span class='ocrx_word' id='word_1_34' title='bbox 826 1067 972 1125; x_wconf 90' lang='lat' dir='ltr'><strong>illud</strong></span> <span class='ocrx_word' id='word_1_35' title='bbox 1012 1067 1141 1127; x_wconf 89' lang='lat' dir='ltr'><strong>ausi</strong></span> <span class='ocrx_word' id='word_1_36' title='bbox 1181 1068 1312 1141; x_wconf 90' lang='lat' dir='ltr'><strong>sint,</strong></span> <span class='ocrx_word' id='word_1_37' title='bbox 1358 1069 1640 1141; x_wconf 83' lang='lat' dir='ltr'><strong>exemplis</strong></span> <span class='ocrx_word' id='word_1_38' title='bbox 1680 1067 1955 1142; x_wconf 85' lang='lat' dir='ltr'><strong>gravibus</strong></span> <span class='ocrx_word' id='word_1_39' title='bbox 1997 1067 2444 1126; x_wconf 88' lang='lat' dir='ltr'><strong>demonstratur.</strong></span> <span class='ocrx_word' id='word_1_40' title='bbox 2503 1067 2801 1138; x_wconf 82' lang='lat' dir='ltr'><strong>Syracusis</strong></span> 
     </span>
     <span class='ocr_line' id='line_1_6' title="bbox 563 1163 2801 1238; baseline 0 -16"><span class='ocrx_word' id='word_1_41' title='bbox 563 1163 800 1236; x_wconf 89' lang='lat' dir='ltr'><strong>quidem</strong></span> <span class='ocrx_word' id='word_1_42' title='bbox 849 1180 993 1236; x_wconf 90' lang='lat' dir='ltr'><strong>quos</strong></span> <span class='ocrx_word' id='word_1_43' title='bbox 1041 1165 1292 1224; x_wconf 87' lang='lat' dir='ltr'><strong>iusserat</strong></span> <span class='ocrx_word' id='word_1_44' title='bbox 1330 1166 1645 1238; x_wconf 90' lang='lat' dir='ltr'><strong>Dionysius</strong></span> <span class='ocrx_word' id='word_1_45' title='bbox 1699 1165 1737 1224; x_wconf 89' lang='lat' dir='ltr'><strong>J</strong></span> <span class='ocrx_word' id='word_1_46' title='bbox 1739 1166 1859 1223; x_wconf 90' lang='lat' dir='ltr'><strong>ovis</strong></span> <span class='ocrx_word' id='word_1_47' title='bbox 1908 1164 2278 1223; x_wconf 80' lang='lat' dir='ltr'><strong>simulacrum</strong></span> <span class='ocrx_word' id='word_1_48' title='bbox 2318 1167 2527 1222; x_wconf 88' lang='lat' dir='ltr'><strong>ornatu</strong></span> <span class='ocrx_word' id='word_1_49' title='bbox 2567 1163 2801 1235; x_wconf 86' lang='lat' dir='ltr'><strong>privare</strong></span> 
     </span>
     <span class='ocr_line' id='line_1_7' title="bbox 566 1260 2800 1334; baseline 0 -15"><span class='ocrx_word' id='word_1_50' title='bbox 566 1278 682 1321; x_wconf 93' lang='lat' dir='ltr'><strong>non</strong></span> <span class='ocrx_word' id='word_1_51' title='bbox 721 1262 883 1334; x_wconf 90' lang='lat' dir='ltr'><strong>prius</strong></span> <span class='ocrx_word' id='word_1_52' title='bbox 922 1263 1033 1320; x_wconf 90' lang='lat' dir='ltr'><strong>hoc</strong></span> <span class='ocrx_word' id='word_1_53' title='bbox 1074 1278 1246 1321; x_wconf 89' lang='lat' dir='ltr'><strong>ausos</strong></span> <span class='ocrx_word' id='word_1_54' title='bbox 1286 1279 1427 1330; x_wconf 88' lang='lat' dir='ltr'><strong>esse,</strong></span> <span class='ocrx_word' id='word_1_55' title='bbox 1471 1279 1642 1334; x_wconf 86' lang='lat' dir='ltr'><strong>quam</strong></span> <span class='ocrx_word' id='word_1_56' title='bbox 1684 1263 1808 1334; x_wconf 90' lang='lat' dir='ltr'><strong>ipse</strong></span> <span class='ocrx_word' id='word_1_57' title='bbox 1849 1278 1953 1320; x_wconf 90' lang='lat' dir='ltr'><strong>sua</strong></span> <span class='ocrx_word' id='word_1_58' title='bbox 1990 1276 2163 1319; x_wconf 90' lang='lat' dir='ltr'><strong>manu</strong></span> <span class='ocrx_word' id='word_1_59' title='bbox 2188 1265 2407 1319; x_wconf 88' lang='lat' dir='ltr'><strong>vestem</strong></span> <span class='ocrx_word' id='word_1_60' title='bbox 2435 1260 2800 1332; x_wconf 89' lang='lat' dir='ltr'><strong>deripuisset‚</strong></span> 
     </span>
    </p>
   </div>
   <div class='ocr_carea' id='block_1_3' title="bbox 567 1357 2922 1432">
    <p class='ocr_par' dir='ltr' id='par_1_3' title="bbox 567 1357 2922 1432">
     <span class='ocr_line' id='line_1_8' title="bbox 567 1357 2922 1432; baseline -0.001 -16"><span class='ocrx_word' id='word_1_61' title='bbox 567 1358 738 1418; x_wconf 88' lang='lat' dir='ltr'><strong>modo</strong></span> <span class='ocrx_word' id='word_1_62' title='bbox 779 1359 1162 1432; x_wconf 85' lang='lat' dir='ltr'><strong>exposuimus.</strong></span> <span class='ocrx_word' id='word_1_63' title='bbox 1219 1359 1512 1432; x_wconf 89' lang='lat' dir='ltr'><strong>Segestaei</strong></span> <span class='ocrx_word' id='word_1_64' title='bbox 1553 1364 1764 1427; x_wconf 90' lang='lat' dir='ltr'><strong>autem,</strong></span> <span class='ocrx_word' id='word_1_65' title='bbox 1809 1375 1938 1417; x_wconf 90' lang='lat' dir='ltr'><strong>cum</strong></span> <span class='ocrx_word' id='word_1_66' title='bbox 1980 1359 2192 1418; x_wconf 88' lang='lat' dir='ltr'><strong>Verres</strong></span> <span class='ocrx_word' id='word_1_67' title='bbox 2231 1363 2299 1416; x_wconf 92' lang='lat' dir='ltr'><strong>ut</strong></span> <span class='ocrx_word' id='word_1_68' title='bbox 2323 1357 2551 1416; x_wconf 87' lang='lat' dir='ltr'><strong>Dianae</strong></span> <span class='ocrx_word' id='word_1_69' title='bbox 2578 1357 2802 1430; x_wconf 89' lang='lat' dir='ltr'><strong>signum</strong></span> <span class='ocrx_word' id='word_1_70' title='bbox 2905 1394 2922 1405; x_wconf 83' lang='lat'><strong>.</strong></span> 
     </span>
    </p>
   </div>
   <div class='ocr_carea' id='block_1_4' title="bbox 564 1455 2839 3678">
    <p class='ocr_par' dir='ltr' id='par_1_4' title="bbox 564 1455 2839 2500">
     <span class='ocr_line' id='line_1_9' title="bbox 566 1455 2839 1534; baseline -0 -21"><span class='ocrx_word' id='word_1_71' title='bbox 566 1456 1017 1515; x_wconf 89' lang='lat' dir='ltr'><strong>vetustissimum</strong></span> <span class='ocrx_word' id='word_1_72' title='bbox 1067 1455 1121 1514; x_wconf 92' lang='lat' dir='ltr'><strong>ei</strong></span> <span class='ocrx_word' id='word_1_73' title='bbox 1147 1514 1154 1522; x_wconf 72' lang='grc'><strong>,</strong></span> <span class='ocrx_word' id='word_1_74' title='bbox 1176 1457 1475 1515; x_wconf 84' lang='lat' dir='ltr'><strong>traderent</strong></span> <span class='ocrx_word' id='word_1_75' title='bbox 1525 1457 1881 1534; x_wconf 81' lang='lat' dir='ltr'><strong>imperasset,</strong></span> <span class='ocrx_word' id='word_1_76' title='bbox 1929 1460 2205 1529; x_wconf 91' lang='lat' dir='ltr'><strong>quantum</strong></span> <span class='ocrx_word' id='word_1_77' title='bbox 2244 1458 2530 1527; x_wconf 89' lang='lat' dir='ltr'><strong>poterant,</strong></span> <span class='ocrx_word' id='word_1_78' title='bbox 2572 1471 2839 1514; x_wconf 86' lang='lat' dir='ltr'><strong>recusa--</strong></span> 
     </span>
     <span class='ocr_line' id='line_1_10' title="bbox 568 1552 2802 1624; baseline -0 -14"><span class='ocrx_word' id='word_1_79' title='bbox 568 1552 734 1623; x_wconf 83' lang='lat' dir='ltr'><strong>bant3</strong></span> <span class='ocrx_word' id='word_1_80' title='bbox 799 1553 1031 1611; x_wconf 88' lang='lat' dir='ltr'><strong>tandem</strong></span> <span class='ocrx_word' id='word_1_81' title='bbox 1085 1558 1281 1611; x_wconf 90' lang='lat' dir='ltr'><strong>autem</strong></span> <span class='ocrx_word' id='word_1_82' title='bbox 1332 1571 1460 1612; x_wconf 93' lang='lat' dir='ltr'><strong>cum</strong></span> <span class='ocrx_word' id='word_1_83' title='bbox 1509 1554 1676 1612; x_wconf 90' lang='lat' dir='ltr'><strong>minis</strong></span> <span class='ocrx_word' id='word_1_84' title='bbox 1728 1554 1851 1612; x_wconf 91' lang='lat' dir='ltr'><strong>eius</strong></span> <span class='ocrx_word' id='word_1_85' title='bbox 1900 1553 2168 1612; x_wconf 91' lang='lat' dir='ltr'><strong>deterriti</strong></span> <span class='ocrx_word' id='word_1_86' title='bbox 2212 1568 2280 1611; x_wconf 89' lang='lat' dir='ltr'><strong>eo</strong></span> <span class='ocrx_word' id='word_1_87' title='bbox 2322 1552 2555 1611; x_wconf 89' lang='lat' dir='ltr'><strong>adducti</strong></span> <span class='ocrx_word' id='word_1_88' title='bbox 2595 1557 2802 1624; x_wconf 89' lang='lat' dir='ltr'><strong>essent,</strong></span> 
     </span>
     <span class='ocr_line' id='line_1_11' title="bbox 572 1649 2807 1724; baseline 0 -18"><span class='ocrx_word' id='word_1_89' title='bbox 572 1650 734 1707; x_wconf 85' lang='lat' dir='ltr'><strong>nulla</strong></span> <span class='ocrx_word' id='word_1_90' title='bbox 773 1655 965 1708; x_wconf 89' lang='lat' dir='ltr'><strong>tamen</strong></span> <span class='ocrx_word' id='word_1_91' title='bbox 1005 1649 1064 1707; x_wconf 90' lang='lat' dir='ltr'><strong>vi</strong></span> <span class='ocrx_word' id='word_1_92' title='bbox 1091 1655 1157 1708; x_wconf 91' lang='lat' dir='ltr'><strong>ut</strong></span> <span class='ocrx_word' id='word_1_93' title='bbox 1199 1650 1312 1723; x_wconf 87' lang='lat' dir='ltr'><strong>ipsi</strong></span> <span class='ocrx_word' id='word_1_94' title='bbox 1354 1651 1580 1724; x_wconf 91' lang='lat' dir='ltr'><strong>signum</strong></span> <span class='ocrx_word' id='word_1_95' title='bbox 1607 1651 1899 1723; x_wconf 89' lang='lat' dir='ltr'><strong>tollerent,</strong></span> <span class='ocrx_word' id='word_1_96' title='bbox 1944 1650 2161 1709; x_wconf 89' lang='lat' dir='ltr'><strong>moveri</strong></span> <span class='ocrx_word' id='word_1_97' title='bbox 2187 1654 2482 1722; x_wconf 85' lang='lat' dir='ltr'><strong>poterant3</strong></span> <span class='ocrx_word' id='word_1_98' title='bbox 2529 1649 2807 1708; x_wconf 85' lang='lat' dir='ltr'><strong>barbaros</strong></span> 
     </span>
     <span class='ocr_line' id='line_1_12' title="bbox 564 1745 2809 1822; baseline 0 -19"><span class='ocrx_word' id='word_1_99' title='bbox 564 1745 767 1817; x_wconf 87' lang='lat' dir='ltr'><strong>itaque</strong></span> <span class='ocrx_word' id='word_1_100' title='bbox 809 1747 1087 1819; x_wconf 89' lang='lat' dir='ltr'><strong>quosdam</strong></span> <span class='ocrx_word' id='word_1_101' title='bbox 1127 1747 1412 1821; x_wconf 85' lang='lat' dir='ltr'><strong>Lilybaeo</strong></span> <span class='ocrx_word' id='word_1_102' title='bbox 1454 1748 1734 1806; x_wconf 88' lang='lat' dir='ltr'><strong>adductos</strong></span> <span class='ocrx_word' id='word_1_103' title='bbox 1778 1763 1902 1806; x_wconf 88' lang='lat' dir='ltr'><strong>esse</strong></span> <span class='ocrx_word' id='word_1_104' title='bbox 1945 1747 2241 1819; x_wconf 88' lang='lat' dir='ltr'><strong>operarios</strong></span> <span class='ocrx_word' id='word_1_105' title='bbox 2281 1745 2490 1805; x_wconf 83' lang='lat' dir='ltr'><strong>Cicero</strong></span> <span class='ocrx_word' id='word_1_106' title='bbox 2506 1747 2553 1822; x_wconf 87' lang='lat'><strong>²)</strong></span> <span class='ocrx_word' id='word_1_107' title='bbox 2606 1751 2809 1805; x_wconf 89' lang='lat' dir='ltr'><strong>auctor</strong></span> 
     </span>
     <span class='ocr_line' id='line_1_13' title="bbox 574 1832 2806 1919; baseline 0 -19"><span class='ocrx_word' id='word_1_108' title='bbox 574 1848 683 1913; x_wconf 89' lang='lat' dir='ltr'><strong>est,</strong></span> <span class='ocrx_word' id='word_1_109' title='bbox 726 1843 825 1915; x_wconf 88' lang='lat' dir='ltr'><strong>qui</strong></span> <span class='ocrx_word' id='word_1_110' title='bbox 866 1842 1049 1917; x_wconf 89' lang='lat' dir='ltr'><strong>ignari</strong></span> <span class='ocrx_word' id='word_1_111' title='bbox 1088 1832 1269 1904; x_wconf 77' lang='lat' dir='ltr'><strong>totius</strong></span> <span class='ocrx_word' id='word_1_112' title='bbox 1310 1845 1526 1919; x_wconf 87' lang='lat' dir='ltr'><strong>negotii</strong></span> <span class='ocrx_word' id='word_1_113' title='bbox 1569 1862 1638 1904; x_wconf 88' lang='lat' dir='ltr'><strong>ac</strong></span> <span class='ocrx_word' id='word_1_114' title='bbox 1677 1844 1968 1917; x_wconf 85' lang='lat' dir='ltr'><strong>religionis</strong></span> <span class='ocrx_word' id='word_1_115' title='bbox 2010 1843 2382 1903; x_wconf 86' lang='lat' dir='ltr'><strong>simulacrum</strong></span> <span class='ocrx_word' id='word_1_116' title='bbox 2422 1843 2806 1902; x_wconf 86' lang='lat' dir='ltr'><strong>sustulissent.</strong></span> 
     </span>
     <span class='ocr_line' id='line_1_14' title="bbox 576 1941 2810 2016; baseline 0.001 -19"><span class='ocrx_word' id='word_1_117' title='bbox 576 1941 640 1997; x_wconf 93' lang='lat' dir='ltr'><strong>in</strong></span> <span class='ocrx_word' id='word_1_118' title='bbox 667 1945 830 1998; x_wconf 89' lang='lat' dir='ltr'><strong>tanto</strong></span> <span class='ocrx_word' id='word_1_119' title='bbox 860 1941 1038 2014; x_wconf 89' lang='lat' dir='ltr'><strong>igitur</strong></span> <span class='ocrx_word' id='word_1_120' title='bbox 1065 1943 1359 2016; x_wconf 85' lang='lat' dir='ltr'><strong>signorum</strong></span> <span class='ocrx_word' id='word_1_121' title='bbox 1385 1944 1608 2001; x_wconf 89' lang='lat' dir='ltr'><strong>honore</strong></span> <span class='ocrx_word' id='word_1_122' title='bbox 1634 1943 1871 2001; x_wconf 87' lang='lat' dir='ltr'><strong>minime</strong></span> <span class='ocrx_word' id='word_1_123' title='bbox 1898 1942 2221 2000; x_wconf 88' lang='lat' dir='ltr'><strong>mirandum</strong></span> <span class='ocrx_word' id='word_1_124' title='bbox 2250 1949 2353 2009; x_wconf 91' lang='lat' dir='ltr'><strong>est,</strong></span> <span class='ocrx_word' id='word_1_125' title='bbox 2397 1941 2449 2000; x_wconf 90' lang='lat' dir='ltr'><strong>si</strong></span> <span class='ocrx_word' id='word_1_126' title='bbox 2474 1941 2810 2013; x_wconf 89' lang='lat' dir='ltr'><strong>plerumque</strong></span> 
     </span>
     <span class='ocr_line' id='line_1_15' title="bbox 574 2037 2812 2113; baseline 0 -18"><span class='ocrx_word' id='word_1_127' title='bbox 574 2039 798 2110; x_wconf 87' lang='lat' dir='ltr'><strong>templa</strong></span> <span class='ocrx_word' id='word_1_128' title='bbox 838 2040 1266 2112; x_wconf 85' lang='lat' dir='ltr'><strong>pretiosissimis</strong></span> <span class='ocrx_word' id='word_1_129' title='bbox 1308 2039 1525 2099; x_wconf 88' lang='lat' dir='ltr'><strong>referta</strong></span> <span class='ocrx_word' id='word_1_130' title='bbox 1566 2041 1836 2113; x_wconf 90' lang='lat' dir='ltr'><strong>operibus</strong></span> <span class='ocrx_word' id='word_1_131' title='bbox 1878 2056 1994 2098; x_wconf 92' lang='lat' dir='ltr'><strong>non</strong></span> <span class='ocrx_word' id='word_1_132' title='bbox 2033 2039 2147 2097; x_wconf 90' lang='lat' dir='ltr'><strong>nisi</strong></span> <span class='ocrx_word' id='word_1_133' title='bbox 2187 2037 2584 2098; x_wconf 86' lang='lat' dir='ltr'><strong>sacerdotibus</strong></span> <span class='ocrx_word' id='word_1_134' title='bbox 2623 2044 2812 2098; x_wconf 90' lang='lat' dir='ltr'><strong>custo-</strong></span> 
     </span>
     <span class='ocr_line' id='line_1_16' title="bbox 576 2134 2812 2209; baseline 0 -17"><span class='ocrx_word' id='word_1_135' title='bbox 576 2134 899 2193; x_wconf 85' lang='lat' dir='ltr'><strong>diebantur.</strong></span> <span class='ocrx_word' id='word_1_136' title='bbox 940 2136 1259 2209; x_wconf 79' lang='lat' dir='ltr'><strong>singulare</strong></span> <span class='ocrx_word' id='word_1_137' title='bbox 1303 2137 1454 2195; x_wconf 90' lang='lat' dir='ltr'><strong>enim</strong></span> <span class='ocrx_word' id='word_1_138' title='bbox 1497 2141 1598 2209; x_wconf 88' lang='lat' dir='ltr'><strong>est,</strong></span> <span class='ocrx_word' id='word_1_139' title='bbox 1644 2137 1814 2209; x_wconf 88' lang='lat' dir='ltr'><strong>quod,</strong></span> <span class='ocrx_word' id='word_1_140' title='bbox 1858 2152 1988 2195; x_wconf 91' lang='lat' dir='ltr'><strong>cum</strong></span> <span class='ocrx_word' id='word_1_141' title='bbox 2029 2136 2241 2195; x_wconf 91' lang='lat' dir='ltr'><strong>Verres</strong></span> <span class='ocrx_word' id='word_1_142' title='bbox 2280 2134 2671 2208; x_wconf 83' lang='lat' dir='ltr'><strong>Agrigentum</strong></span> <span class='ocrx_word' id='word_1_143' title='bbox 2712 2152 2812 2193; x_wconf 89' lang='lat' dir='ltr'><strong>ve-</strong></span> 
     </span>
     <span class='ocr_line' id='line_1_17' title="bbox 568 2231 2812 2307; baseline 0.002 -19"><span class='ocrx_word' id='word_1_144' title='bbox 568 2231 779 2299; x_wconf 91' lang='lat' dir='ltr'><strong>nisset,</strong></span> <span class='ocrx_word' id='word_1_145' title='bbox 833 2232 907 2290; x_wconf 89' lang='lat' dir='ltr'><strong>ab</strong></span> <span class='ocrx_word' id='word_1_146' title='bbox 948 2232 1020 2292; x_wconf 92' lang='lat' dir='ltr'><strong>iis</strong></span> <span class='ocrx_word' id='word_1_147' title='bbox 1061 2233 1160 2304; x_wconf 90' lang='lat' dir='ltr'><strong>qui</strong></span> <span class='ocrx_word' id='word_1_148' title='bbox 1199 2234 1492 2306; x_wconf 88' lang='lat' dir='ltr'><strong>principes</strong></span> <span class='ocrx_word' id='word_1_149' title='bbox 1531 2235 1595 2292; x_wconf 87' lang='lat' dir='ltr'><strong>in</strong></span> <span class='ocrx_word' id='word_1_150' title='bbox 1636 2251 1708 2293; x_wconf 88' lang='lat' dir='ltr'><strong>ea</strong></span> <span class='ocrx_word' id='word_1_151' title='bbox 1748 2234 1982 2292; x_wconf 89' lang='lat' dir='ltr'><strong>civitate</strong></span> <span class='ocrx_word' id='word_1_152' title='bbox 2023 2234 2393 2307; x_wconf 83' lang='lat' dir='ltr'><strong>magistratus</strong></span> <span class='ocrx_word' id='word_1_153' title='bbox 2434 2240 2602 2292; x_wconf 90' lang='lat' dir='ltr'><strong>erant</strong></span> <span class='ocrx_word' id='word_1_154' title='bbox 2642 2251 2812 2306; x_wconf 82' lang='lat' dir='ltr'><strong>prae-</strong></span> 
     </span>
     <span class='ocr_line' id='line_1_18' title="bbox 578 2331 2815 2405; baseline 0.002 -20"><span class='ocrx_word' id='word_1_155' title='bbox 578 2332 809 2400; x_wconf 88' lang='lat' dir='ltr'><strong>ceptum</strong></span> <span class='ocrx_word' id='word_1_156' title='bbox 853 2335 943 2388; x_wconf 89' lang='lat' dir='ltr'><strong>est</strong></span> <span class='ocrx_word' id='word_1_157' title='bbox 982 2331 1388 2404; x_wconf 89' lang='lat' dir='ltr'><strong>negotiumque</strong></span> <span class='ocrx_word' id='word_1_158' title='bbox 1430 2333 1630 2391; x_wconf 88' lang='lat' dir='ltr'><strong>datum</strong></span> <span class='ocrx_word' id='word_1_159' title='bbox 1671 2331 2073 2405; x_wconf 87' lang='lat' dir='ltr'><strong>quaestoribus</strong></span> <span class='ocrx_word' id='word_1_160' title='bbox 2115 2336 2174 2390; x_wconf 89' lang='lat' dir='ltr'><strong>et</strong></span> <span class='ocrx_word' id='word_1_161' title='bbox 2200 2331 2499 2404; x_wconf 89' lang='lat' dir='ltr'><strong>aedilibus,</strong></span> <span class='ocrx_word' id='word_1_162' title='bbox 2544 2337 2613 2390; x_wconf 91' lang='lat' dir='ltr'><strong>ut</strong></span> <span class='ocrx_word' id='word_1_163' title='bbox 2638 2336 2815 2390; x_wconf 93' lang='lat' dir='ltr'><strong>noctu</strong></span> 
     </span>
     <span class='ocr_line' id='line_1_19' title="bbox 578 2425 2688 2500; baseline 0.007 -19"><span class='ocrx_word' id='word_1_164' title='bbox 578 2425 805 2498; x_wconf 88' lang='lat' dir='ltr'><strong>vigilias</strong></span> <span class='ocrx_word' id='word_1_165' title='bbox 845 2433 1082 2500; x_wconf 87' lang='lat' dir='ltr'><strong>agerent</strong></span> <span class='ocrx_word' id='word_1_166' title='bbox 1122 2428 1198 2487; x_wconf 86' lang='lat' dir='ltr'><strong>ad</strong></span> <span class='ocrx_word' id='word_1_167' title='bbox 1238 2430 1409 2488; x_wconf 87' lang='lat' dir='ltr'><strong>aedes</strong></span> <span class='ocrx_word' id='word_1_168' title='bbox 1449 2445 1662 2489; x_wconf 78' lang='lat' dir='ltr'><strong>sacraS.</strong></span> <span class='ocrx_word' id='word_1_169' title='bbox 2675 2435 2688 2448; x_wconf 83' lang='lat'><strong>‘</strong></span> 
     </span>
    </p>

    <p class='ocr_par' dir='ltr' id='par_1_5' title="bbox 568 2524 2820 3184">
     <span class='ocr_line' id='line_1_20' title="bbox 732 2524 2818 2600; baseline 0.002 -17"><span class='ocrx_word' id='word_1_170' title='bbox 732 2528 791 2584; x_wconf 85' lang='lat' dir='ltr'><strong>et</strong></span> <span class='ocrx_word' id='word_1_171' title='bbox 831 2524 907 2584; x_wconf 91' lang='lat' dir='ltr'><strong>ad</strong></span> <span class='ocrx_word' id='word_1_172' title='bbox 947 2527 1170 2585; x_wconf 84' lang='lat' dir='ltr'><strong>tantum</strong></span> <span class='ocrx_word' id='word_1_173' title='bbox 1211 2525 1479 2586; x_wconf 89' lang='lat' dir='ltr'><strong>timorem</strong></span> <span class='ocrx_word' id='word_1_174' title='bbox 1523 2545 1591 2587; x_wconf 90' lang='lat' dir='ltr'><strong>eo</strong></span> <span class='ocrx_word' id='word_1_175' title='bbox 1635 2526 1873 2587; x_wconf 91' lang='lat' dir='ltr'><strong>adducti</strong></span> <span class='ocrx_word' id='word_1_176' title='bbox 1901 2532 2034 2586; x_wconf 84' lang='lat' dir='ltr'><strong>su‘nt</strong></span> <span class='ocrx_word' id='word_1_177' title='bbox 2063 2526 2289 2600; x_wconf 86' lang='lat' dir='ltr'><strong>Graeci,</strong></span> <span class='ocrx_word' id='word_1_178' title='bbox 2334 2527 2490 2599; x_wconf 92' lang='lat' dir='ltr'><strong>quod</strong></span> <span class='ocrx_word' id='word_1_179' title='bbox 2520 2527 2632 2596; x_wconf 88' lang='lat' dir='ltr'><strong>dei,</strong></span> <span class='ocrx_word' id='word_1_180' title='bbox 2680 2544 2818 2600; x_wconf 91' lang='lat' dir='ltr'><strong>quo-</strong></span> 
     </span>
     <span class='ocr_line' id='line_1_21' title="bbox 570 2622 2820 2698; baseline 0.002 -20"><span class='ocrx_word' id='word_1_181' title='bbox 570 2638 699 2678; x_wconf 89' lang='lat' dir='ltr'><strong>rum</strong></span> <span class='ocrx_word' id='word_1_182' title='bbox 741 2623 909 2695; x_wconf 84' lang='lat' dir='ltr'><strong>signa</strong></span> <span class='ocrx_word' id='word_1_183' title='bbox 948 2625 1167 2683; x_wconf 86' lang='lat' dir='ltr'><strong>violata</strong></span> <span class='ocrx_word' id='word_1_184' title='bbox 1207 2631 1378 2684; x_wconf 88' lang='lat' dir='ltr'><strong>erant</strong></span> <span class='ocrx_word' id='word_1_185' title='bbox 1418 2626 1617 2685; x_wconf 86' lang='lat' dir='ltr'><strong>dedita</strong></span> <span class='ocrx_word' id='word_1_186' title='bbox 1656 2642 1861 2698; x_wconf 87' lang='lat' dir='ltr'><strong>opera,</strong></span> <span class='ocrx_word' id='word_1_187' title='bbox 1926 2640 2147 2684; x_wconf 89' lang='lat' dir='ltr'><strong>summa</strong></span> <span class='ocrx_word' id='word_1_188' title='bbox 2199 2622 2434 2682; x_wconf 88' lang='lat' dir='ltr'><strong>afficere</strong></span> <span class='ocrx_word' id='word_1_189' title='bbox 2488 2640 2679 2696; x_wconf 88' lang='lat' dir='ltr'><strong>poena</strong></span> <span class='ocrx_word' id='word_1_190' title='bbox 2718 2641 2820 2683; x_wconf 90' lang='lat' dir='ltr'><strong>eos</strong></span> 
     </span>
     <span class='ocr_line' id='line_1_22' title="bbox 568 2715 2806 2796; baseline 0.002 -18"><span class='ocrx_word' id='word_1_191' title='bbox 568 2720 672 2791; x_wconf 91' lang='lat' dir='ltr'><strong>qui</strong></span> <span class='ocrx_word' id='word_1_192' title='bbox 713 2722 900 2780; x_wconf 87' lang='lat' dir='ltr'><strong>scelus</strong></span> <span class='ocrx_word' id='word_1_193' title='bbox 940 2715 1345 2781; x_wconf 82' lang='lat' dir='ltr'><strong>commiserant</strong></span> <span class='ocrx_word' id='word_1_194' title='bbox 1387 2724 1752 2796; x_wconf 88' lang='lat' dir='ltr'><strong>putabantur.</strong></span> <span class='ocrx_word' id='word_1_195' title='bbox 1836 2723 2038 2782; x_wconf 89' lang='lat' dir='ltr'><strong>Proeti</strong></span> <span class='ocrx_word' id='word_1_196' title='bbox 2078 2722 2307 2794; x_wconf 89' lang='lat' dir='ltr'><strong>quidem</strong></span> <span class='ocrx_word' id='word_1_197' title='bbox 2347 2721 2496 2781; x_wconf 89' lang='lat' dir='ltr'><strong>filias</strong></span> <span class='ocrx_word' id='word_1_198' title='bbox 2537 2739 2666 2780; x_wconf 90' lang='lat' dir='ltr'><strong>cum</strong></span> <span class='ocrx_word' id='word_1_199' title='bbox 2705 2739 2806 2782; x_wconf 91' lang='lat' dir='ltr'><strong>ve-</strong></span> 
     </span>
     <span class='ocr_line' id='line_1_23' title="bbox 569 2816 2805 2896; baseline 0.002 -22"><span class='ocrx_word' id='word_1_200' title='bbox 569 2816 952 2877; x_wconf 87' lang='lat' dir='ltr'><strong>tustissimum</strong></span> <span class='ocrx_word' id='word_1_201' title='bbox 994 2818 1032 2877; x_wconf 89' lang='lat' dir='ltr'><strong>J</strong></span> <span class='ocrx_word' id='word_1_202' title='bbox 1035 2820 1236 2877; x_wconf 90' lang='lat' dir='ltr'><strong>unonis</strong></span> <span class='ocrx_word' id='word_1_203' title='bbox 1299 2820 1522 2893; x_wconf 88' lang='lat' dir='ltr'><strong>signum</strong></span> <span class='ocrx_word' id='word_1_204' title='bbox 1584 2837 1621 2878; x_wconf 90' lang='lat' dir='ltr'><strong>a</strong></span> <span class='ocrx_word' id='word_1_205' title='bbox 1659 2820 1835 2878; x_wconf 88' lang='lat' dir='ltr'><strong>Peira</strong></span> <span class='ocrx_word' id='word_1_206' title='bbox 1884 2821 2240 2892; x_wconf 85' lang='lat' dir='ltr'><strong>exsculptum</strong></span> <span class='ocrx_word' id='word_1_207' title='bbox 2291 2824 2352 2877; x_wconf 85' lang='lat' dir='ltr'><strong>et</strong></span> <span class='ocrx_word' id='word_1_208' title='bbox 2400 2820 2746 2892; x_wconf 82' lang='lat' dir='ltr'><strong>sprevissent</strong></span> <span class='ocrx_word' id='word_1_209' title='bbox 2755 2819 2805 2896; x_wconf 86' lang='lat'><strong>²)</strong></span> 
     </span>
     <span class='ocr_line' id='line_1_24' title="bbox 573 2912 2804 2991; baseline 0.002 -21"><span class='ocrx_word' id='word_1_210' title='bbox 573 2930 828 2986; x_wconf 90' lang='lat' dir='ltr'><strong>auroque</strong></span> <span class='ocrx_word' id='word_1_211' title='bbox 867 2915 1192 2988; x_wconf 86' lang='lat' dir='ltr'><strong>privassent</strong></span> <span class='ocrx_word' id='word_1_212' title='bbox 1206 2912 1272 2991; x_wconf 85' lang='lat'><strong>³),</strong></span> <span class='ocrx_word' id='word_1_213' title='bbox 1327 2916 1400 2974; x_wconf 96' lang='lat' dir='ltr'><strong>ob</strong></span> <span class='ocrx_word' id='word_1_214' title='bbox 1450 2917 1562 2975; x_wconf 90' lang='lat' dir='ltr'><strong>hoc</strong></span> <span class='ocrx_word' id='word_1_215' title='bbox 1602 2917 1790 2975; x_wconf 88' lang='lat' dir='ltr'><strong>scelus</strong></span> <span class='ocrx_word' id='word_1_216' title='bbox 1828 2917 2052 2975; x_wconf 88' lang='lat' dir='ltr'><strong>insania</strong></span> <span class='ocrx_word' id='word_1_217' title='bbox 2091 2918 2323 2989; x_wconf 90' lang='lat' dir='ltr'><strong>punitos</strong></span> <span class='ocrx_word' id='word_1_218' title='bbox 2363 2934 2488 2980; x_wconf 87' lang='lat' dir='ltr'><strong>esse</strong></span> <span class='ocrx_word' id='word_1_219' title='bbox 2530 2918 2804 2990; x_wconf 87' lang='lat' dir='ltr'><strong>comperi-</strong></span> 
     </span>
     <span class='ocr_line' id='line_1_25' title="bbox 573 3009 2806 3092; baseline 0.003 -25"><span class='ocrx_word' id='word_1_220' title='bbox 573 3026 716 3069; x_wconf 90' lang='lat' dir='ltr'><strong>mus.</strong></span> <span class='ocrx_word' id='word_1_221' title='bbox 731 3009 780 3087; x_wconf 85' lang='lat'><strong>⁴)</strong></span> <span class='ocrx_word' id='word_1_222' title='bbox 861 3013 1116 3072; x_wconf 91' lang='lat' dir='ltr'><strong>latrones</strong></span> <span class='ocrx_word' id='word_1_223' title='bbox 1157 3020 1350 3072; x_wconf 89' lang='lat' dir='ltr'><strong>autem</strong></span> <span class='ocrx_word' id='word_1_224' title='bbox 1391 3014 1507 3086; x_wconf 89' lang='lat' dir='ltr'><strong>illi,</strong></span> <span class='ocrx_word' id='word_1_225' title='bbox 1561 3015 1661 3086; x_wconf 91' lang='lat' dir='ltr'><strong>qui</strong></span> <span class='ocrx_word' id='word_1_226' title='bbox 1700 3013 1998 3092; x_wconf 69' lang='lat' dir='ltr'><strong>Victoriae</strong></span> <span class='ocrx_word' id='word_1_227' title='bbox 2039 3013 2368 3073; x_wconf 88' lang='lat' dir='ltr'><strong>deiecerant</strong></span> <span class='ocrx_word' id='word_1_228' title='bbox 2407 3015 2548 3087; x_wconf 89' lang='lat' dir='ltr'><strong>alas,</strong></span> <span class='ocrx_word' id='word_1_229' title='bbox 2592 3032 2806 3089; x_wconf 89' lang='lat' dir='ltr'><strong>perpa-</strong></span> 
     </span>
     <span class='ocr_line' id='line_1_26' title="bbox 573 3109 2358 3184; baseline 0.004 -18"><span class='ocrx_word' id='word_1_230' title='bbox 573 3113 733 3168; x_wconf 90' lang='lat' dir='ltr'><strong>trato</strong></span> <span class='ocrx_word' id='word_1_231' title='bbox 773 3110 883 3168; x_wconf 91' lang='lat' dir='ltr'><strong>hoc</strong></span> <span class='ocrx_word' id='word_1_232' title='bbox 924 3111 1142 3169; x_wconf 87' lang='lat' dir='ltr'><strong>scelere</strong></span> <span class='ocrx_word' id='word_1_233' title='bbox 1183 3111 1328 3169; x_wconf 90' lang='lat' dir='ltr'><strong>alius</strong></span> <span class='ocrx_word' id='word_1_234' title='bbox 1370 3111 1546 3169; x_wconf 89' lang='lat' dir='ltr'><strong>alium</strong></span> <span class='ocrx_word' id='word_1_235' title='bbox 1586 3111 1909 3170; x_wconf 88' lang='lat' dir='ltr'><strong>trucidasse</strong></span> <span class='ocrx_word' id='word_1_236' title='bbox 1949 3109 2300 3173; x_wconf 87' lang='lat' dir='ltr'><strong>ferebantur.</strong></span> <span class='ocrx_word' id='word_1_237' title='bbox 2310 3110 2358 3184; x_wconf 82' lang='lat'><strong>⁵)</strong></span> 
     </span>
    </p>

    <p class='ocr_par' dir='ltr' id='par_1_6' title="bbox 569 3207 2808 3678">
     <span class='ocr_line' id='line_1_27' title="bbox 733 3207 2806 3282; baseline 0.002 -18"><span class='ocrx_word' id='word_1_238' title='bbox 733 3207 1027 3265; x_wconf 90' lang='lat' dir='ltr'><strong>hominum</strong></span> <span class='ocrx_word' id='word_1_239' title='bbox 1066 3224 1206 3268; x_wconf 90' lang='lat' dir='ltr'><strong>vero</strong></span> <span class='ocrx_word' id='word_1_240' title='bbox 1247 3213 1472 3268; x_wconf 89' lang='lat' dir='ltr'><strong>statuas</strong></span> <span class='ocrx_word' id='word_1_241' title='bbox 1509 3210 1679 3282; x_wconf 92' lang='lat' dir='ltr'><strong>longe</strong></span> <span class='ocrx_word' id='word_1_242' title='bbox 1719 3226 1835 3267; x_wconf 93' lang='lat' dir='ltr'><strong>non</strong></span> <span class='ocrx_word' id='word_1_243' title='bbox 1875 3208 2074 3267; x_wconf 90' lang='lat' dir='ltr'><strong>eodem</strong></span> <span class='ocrx_word' id='word_1_244' title='bbox 2115 3209 2282 3267; x_wconf 87' lang='lat' dir='ltr'><strong>modo</strong></span> <span class='ocrx_word' id='word_1_245' title='bbox 2320 3226 2356 3268; x_wconf 89' lang='lat' dir='ltr'><strong>a</strong></span> <span class='ocrx_word' id='word_1_246' title='bbox 2383 3209 2618 3269; x_wconf 86' lang='lat' dir='ltr'><strong>nefariis</strong></span> <span class='ocrx_word' id='word_1_247' title='bbox 2645 3214 2806 3269; x_wconf 84' lang='lat' dir='ltr'><strong>tutas</strong></span> 
     </span>
     <span class='ocr_line' id='line_1_28' title="bbox 569 3300 2808 3379; baseline 0.002 -19"><span class='ocrx_word' id='word_1_248' title='bbox 569 3300 749 3361; x_wconf 85' lang='lat' dir='ltr'><strong>fuisse</strong></span> <span class='ocrx_word' id='word_1_249' title='bbox 800 3320 872 3363; x_wconf 89' lang='lat' dir='ltr'><strong>ex</strong></span> <span class='ocrx_word' id='word_1_250' title='bbox 918 3321 984 3363; x_wconf 92' lang='lat' dir='ltr'><strong>re</strong></span> <span class='ocrx_word' id='word_1_251' title='bbox 1025 3305 1154 3377; x_wconf 89' lang='lat' dir='ltr'><strong>ipsa</strong></span> <span class='ocrx_word' id='word_1_252' title='bbox 1193 3311 1454 3379; x_wconf 86' lang='lat' dir='ltr'><strong>apparet.</strong></span> <span class='ocrx_word' id='word_1_253' title='bbox 1538 3311 1598 3365; x_wconf 92' lang='lat' dir='ltr'><strong>et</strong></span> <span class='ocrx_word' id='word_1_254' title='bbox 1647 3308 1758 3366; x_wconf 89' lang='lat' dir='ltr'><strong>hae</strong></span> <span class='ocrx_word' id='word_1_255' title='bbox 1808 3307 2037 3379; x_wconf 88' lang='lat' dir='ltr'><strong>quidem</strong></span> <span class='ocrx_word' id='word_1_256' title='bbox 2087 3323 2160 3365; x_wconf 90' lang='lat' dir='ltr'><strong>ne</strong></span> <span class='ocrx_word' id='word_1_257' title='bbox 2177 3304 2183 3310; x_wconf 81' lang='grc'><strong>’</strong></span> <span class='ocrx_word' id='word_1_258' title='bbox 2198 3307 2565 3365; x_wconf 86' lang='lat' dir='ltr'><strong>laederentur</strong></span> <span class='ocrx_word' id='word_1_259' title='bbox 2578 3352 2592 3375; x_wconf 94' lang='lat'><strong>‚</strong></span> <span class='ocrx_word' id='word_1_260' title='bbox 2644 3307 2808 3366; x_wconf 89' lang='lat' dir='ltr'><strong>vario</strong></span> 
     </span>
     <span class='ocr_line' id='line_1_29' title="bbox 576 3399 2808 3479; baseline 0.002 -21"><span class='ocrx_word' id='word_1_261' title='bbox 576 3399 748 3459; x_wconf 90' lang='lat' dir='ltr'><strong>modo</strong></span> <span class='ocrx_word' id='word_1_262' title='bbox 788 3400 1106 3474; x_wconf 87' lang='lat' dir='ltr'><strong>providisse</strong></span> <span class='ocrx_word' id='word_1_263' title='bbox 1149 3402 1404 3463; x_wconf 86' lang='lat' dir='ltr'><strong>Graecos</strong></span> <span class='ocrx_word' id='word_1_264' title='bbox 1445 3403 1734 3463; x_wconf 88' lang='lat' dir='ltr'><strong>discimus.</strong></span> <span class='ocrx_word' id='word_1_265' title='bbox 1803 3405 1963 3462; x_wconf 88' lang='lat' dir='ltr'><strong>velut</strong></span> <span class='ocrx_word' id='word_1_266' title='bbox 2002 3405 2061 3461; x_wconf 90' lang='lat' dir='ltr'><strong>in</strong></span> <span class='ocrx_word' id='word_1_267' title='bbox 2101 3403 2475 3476; x_wconf 88' lang='lat' dir='ltr'><strong>inscriptione</strong></span> <span class='ocrx_word' id='word_1_268' title='bbox 2487 3404 2537 3479; x_wconf 73' lang='lat'><strong>⁶)</strong></span> <span class='ocrx_word' id='word_1_269' title='bbox 2581 3409 2808 3464; x_wconf 85' lang='lat' dir='ltr'><strong>statuae</strong></span> 
     </span>
     <span class='ocr_line' id='line_1_30' title="bbox 576 3497 2804 3576; baseline 0.001 -20"><span class='ocrx_word' id='word_1_270' title='bbox 576 3497 700 3557; x_wconf 87' lang='lat' dir='ltr'><strong>basi</strong></span> <span class='ocrx_word' id='word_1_271' title='bbox 777 3499 962 3558; x_wconf 88' lang='lat' dir='ltr'><strong>incisa</strong></span> <span class='ocrx_word' id='word_1_272' title='bbox 1037 3500 1245 3560; x_wconf 89' lang='lat' dir='ltr'><strong>mulier</strong></span> <span class='ocrx_word' id='word_1_273' title='bbox 1322 3503 1602 3574; x_wconf 86' lang='lat' dir='ltr'><strong>quaedam</strong></span> <span class='ocrx_word' id='word_1_274' title='bbox 1681 3507 2146 3576; x_wconf 87' lang='lat' dir='ltr'><strong>praetereuntem</strong></span> <span class='ocrx_word' id='word_1_275' title='bbox 2225 3502 2550 3561; x_wconf 89' lang='lat' dir='ltr'><strong>obtestatur</strong></span> <span class='ocrx_word' id='word_1_276' title='bbox 2617 3502 2804 3560; x_wconf 87' lang='lat' dir='ltr'><strong>hisce:</strong></span> 
     </span>
     <span class='ocr_line' id='line_1_31' title="bbox 574 3596 1969 3678; baseline 0.004 -26"><span class='ocrx_word' id='word_1_277' title='bbox 574 3596 710 3673; x_wconf 79' lang='grc' dir='ltr'>πρὸς</span> <span class='ocrx_word' id='word_1_278' title='bbox 749 3597 897 3657; x_wconf 83' lang='grc' dir='ltr'>θεῶν</span> <span class='ocrx_word' id='word_1_279' title='bbox 939 3619 1032 3673; x_wconf 86' lang='grc' dir='ltr'><strong>μοι</strong></span> <span class='ocrx_word' id='word_1_280' title='bbox 1074 3598 1246 3676; x_wconf 86' lang='grc' dir='ltr'>μηδὲν</span> <span class='ocrx_word' id='word_1_281' title='bbox 1289 3599 1708 3678; x_wconf 77' lang='grc' dir='ltr'>ἀκρώτηριάσῃς</span> <span class='ocrx_word' id='word_1_282' title='bbox 1750 3599 1969 3659; x_wconf 70' lang='grc' dir='ltr'>ἐνθάδεῑ</span> 
     </span>
    </p>
   </div>
   <div class='ocr_carea' id='block_1_5' title="bbox 574 3745 782 3755">
    <p class='ocr_par' dir='ltr' id='par_1_7' title="bbox 574 3745 782 3755">
     <span class='ocr_line' id='line_1_32' title="bbox 574 3745 782 3755; baseline 0 1323"><span class='ocrx_word' id='word_1_283' title='bbox 574 3745 782 3755; x_wconf 95' lang='lat' dir='ltr'><strong> </strong></span> 
     </span>
    </p>
   </div>
   <div class='ocr_carea' id='block_1_6' title="bbox 786 3752 997 3760">
    <p class='ocr_par' dir='ltr' id='par_1_8' title="bbox 786 3752 997 3760">
     <span class='ocr_line' id='line_1_33' title="bbox 786 3752 997 3760; baseline 0 0"><span class='ocrx_word' id='word_1_284' title='bbox 786 3752 997 3760; x_wconf 95' lang='lat' dir='ltr'><strong> </strong></span> 
     </span>
    </p>
   </div>
   <div class='ocr_carea' id='block_1_7' title="bbox 716 3836 1904 4355">
    <p class='ocr_par' dir='ltr' id='par_1_9' title="bbox 726 3836 1315 3908">
     <span class='ocr_line' id='line_1_34' title="bbox 726 3836 1315 3908; baseline 0.008 -18"><span class='ocrx_word' id='word_1_285' title='bbox 726 3837 767 3904; x_wconf 91' lang='lat'><strong>¹)</strong></span> <span class='ocrx_word' id='word_1_286' title='bbox 805 3837 866 3891; x_wconf 93' lang='lat' dir='ltr'><strong>in</strong></span> <span class='ocrx_word' id='word_1_287' title='bbox 901 3836 1058 3894; x_wconf 91' lang='lat' dir='ltr'><strong>Verr.</strong></span> <span class='ocrx_word' id='word_1_288' title='bbox 1097 3837 1192 3908; x_wconf 91' lang='lat' dir='ltr'><strong>IV,</strong></span> <span class='ocrx_word' id='word_1_289' title='bbox 1229 3839 1315 3895; x_wconf 82' lang='lat'><strong>35.</strong></span> 
     </span>
    </p>

    <p class='ocr_par' dir='ltr' id='par_1_10' title="bbox 722 3924 1423 3997">
     <span class='ocr_line' id='line_1_35' title="bbox 722 3924 1423 3997; baseline 0.006 -16"><span class='ocrx_word' id='word_1_290' title='bbox 722 3924 770 3997; x_wconf 85' lang='lat'><strong>²)</strong></span> <span class='ocrx_word' id='word_1_291' title='bbox 806 3925 1133 3995; x_wconf 87' lang='lat' dir='ltr'><strong>Apollodor.</strong></span> <span class='ocrx_word' id='word_1_292' title='bbox 1172 3926 1246 3996; x_wconf 89' lang='lat' dir='ltr'><strong>II,</strong></span> <span class='ocrx_word' id='word_1_293' title='bbox 1285 3930 1336 3997; x_wconf 83' lang='lat'><strong>2,</strong></span> <span class='ocrx_word' id='word_1_294' title='bbox 1374 3930 1423 3986; x_wconf 84' lang='lat'><strong>2.</strong></span> 
     </span>
    </p>

    <p class='ocr_par' dir='ltr' id='par_1_11' title="bbox 716 4012 1665 4085">
     <span class='ocr_line' id='line_1_36' title="bbox 716 4012 1665 4085; baseline 0.002 -16"><span class='ocrx_word' id='word_1_295' title='bbox 716 4012 766 4084; x_wconf 77' lang='lat'><strong>³)</strong></span> <span class='ocrx_word' id='word_1_296' title='bbox 805 4012 959 4070; x_wconf 89' lang='lat' dir='ltr'><strong>Serv.</strong></span> <span class='ocrx_word' id='word_1_297' title='bbox 998 4014 1071 4070; x_wconf 88' lang='lat' dir='ltr'><strong>ad</strong></span> <span class='ocrx_word' id='word_1_298' title='bbox 1105 4014 1269 4084; x_wconf 90' lang='lat' dir='ltr'><strong>Verg.</strong></span> <span class='ocrx_word' id='word_1_299' title='bbox 1309 4016 1410 4074; x_wconf 88' lang='lat' dir='ltr'><strong>ecl.</strong></span> <span class='ocrx_word' id='word_1_300' title='bbox 1449 4014 1543 4085; x_wconf 91' lang='lat' dir='ltr'><strong>VI,</strong></span> <span class='ocrx_word' id='word_1_301' title='bbox 1578 4018 1665 4071; x_wconf 88' lang='lat'><strong>48.</strong></span> 
     </span>
    </p>

    <p class='ocr_par' dir='ltr' id='par_1_12' title="bbox 718 4101 1711 4175">
     <span class='ocr_line' id='line_1_37' title="bbox 718 4101 1711 4175; baseline 0.005 -18"><span class='ocrx_word' id='word_1_302' title='bbox 718 4102 765 4172; x_wconf 88' lang='lat'><strong>⁴)</strong></span> <span class='ocrx_word' id='word_1_303' title='bbox 804 4101 967 4161; x_wconf 87' lang='lat' dir='ltr'><strong>Paus.</strong></span> <span class='ocrx_word' id='word_1_304' title='bbox 1004 4103 1062 4160; x_wconf 97' lang='lat' dir='ltr'><strong>II</strong></span> <span class='ocrx_word' id='word_1_305' title='bbox 1094 4105 1149 4175; x_wconf 84' lang='lat'><strong>7,</strong></span> <span class='ocrx_word' id='word_1_306' title='bbox 1185 4107 1219 4160; x_wconf 89' lang='lat'>8</span> <span class='ocrx_word' id='word_1_307' title='bbox 1242 4136 1308 4145; x_wconf 91' lang='lat'><strong>—</strong></span> <span class='ocrx_word' id='word_1_308' title='bbox 1344 4103 1497 4174; x_wconf 89' lang='lat' dir='ltr'>VIII,</span> <span class='ocrx_word' id='word_1_309' title='bbox 1539 4108 1625 4175; x_wconf 84' lang='lat'><strong>18,</strong></span> <span class='ocrx_word' id='word_1_310' title='bbox 1662 4108 1711 4163; x_wconf 83' lang='lat'><strong>7.</strong></span> 
     </span>
    </p>

    <p class='ocr_par' dir='ltr' id='par_1_13' title="bbox 719 4193 1904 4355">
     <span class='ocr_line' id='line_1_38' title="bbox 719 4193 1904 4265; baseline -0.002 -16"><span class='ocrx_word' id='word_1_311' title='bbox 719 4193 764 4262; x_wconf 77' lang='grc'><strong>5)</strong></span> <span class='ocrx_word' id='word_1_312' title='bbox 802 4193 1090 4251; x_wconf 90' lang='lat' dir='ltr'><strong>Demosth.</strong></span> <span class='ocrx_word' id='word_1_313' title='bbox 1127 4193 1323 4265; x_wconf 87' lang='lat' dir='ltr'>XXIV,</span> <span class='ocrx_word' id='word_1_314' title='bbox 1365 4197 1461 4250; x_wconf 83' lang='lat'><strong>121</strong></span> <span class='ocrx_word' id='word_1_315' title='bbox 1502 4210 1629 4249; x_wconf 90' lang='lat' dir='ltr'><strong>cum</strong></span> <span class='ocrx_word' id='word_1_316' title='bbox 1665 4193 1904 4248; x_wconf 80' lang='lat' dir='ltr'><strong>scholiis.</strong></span> 
     </span>
     <span class='ocr_line' id='line_1_39' title="bbox 724 4282 1389 4355; baseline -0.003 -15"><span class='ocrx_word' id='word_1_317' title='bbox 724 4283 773 4355; x_wconf 78' lang='lat'><strong>⁶)</strong></span> <span class='ocrx_word' id='word_1_318' title='bbox 815 4282 876 4340; x_wconf 83' lang='lat'><strong>0.</strong></span> <span class='ocrx_word' id='word_1_319' title='bbox 912 4283 956 4340; x_wconf 93' lang='grc' dir='ltr'><strong>Ι.</strong></span> <span class='ocrx_word' id='word_1_320' title='bbox 995 4282 1061 4340; x_wconf 82' lang='lat' dir='ltr'><strong>G.</strong></span> <span class='ocrx_word' id='word_1_321' title='bbox 1099 4282 1195 4353; x_wconf 89' lang='lat' dir='ltr'><strong>IV,</strong></span> <span class='ocrx_word' id='word_1_322' title='bbox 1232 4282 1389 4338; x_wconf 83' lang='lat'><strong>6855.</strong></span> 
     </span>
    </p>
   </div>
  </div>
 </body>
</html>
