3226 5078
1357 560 1788 628 ...43-

465 757 700 815 sissimis
741 757 911 815 modo
951 756 1128 830 signis
1170 762 1344 829 atque
1386 759 1447 816 in
1488 760 1704 831 templo
1749 761 2100 819 consecratis
2142 760 2406 820 adhibita
2447 777 2573 820 esse
2613 761 2700 819 vi-

465 854 691 914 dentur.
711 853 757 929 ¹)

624 966 864 1022 cumque
914 950 989 1009 ab
1037 951 1364 1009 hominibus
1415 957 1536 1011 tum
1591 953 1667 1011 ab
1709 954 2052 1013 animalibus
2091 971 2315 1026 quoque
2358 960 2417 1014 et
2458 955 2704 1013 maxime

470 1047 701 1120 quidem
741 1047 814 1105 ab
856 1047 1056 1106 avibus
1096 1064 1212 1107 non
1253 1065 1388 1108 raro
1430 1054 1665 1108 statuae
1707 1050 1956 1109 violatae
1997 1056 2145 1109 sunt.
2210 1055 2407 1109 notum
2436 1068 2482 1110 e.
2515 1069 2568 1125 g.
2598 1056 2701 1124 est,

476 1145 765 1203 cornicum
823 1145 1249 1204 multitudinem
1310 1146 1380 1205 de
1420 1147 1721 1205 Minervae
1784 1148 1946 1219 signo
1987 1148 2233 1220 Delphis
2273 1148 2460 1220 posito
2502 1164 2706 1206 aurum

362 1236 369 1243 ”
473 1241 792 1315 deripuisse
802 1240 882 1316 2);
924 1243 1259 1315 plerumque
1299 1247 1491 1302 autem
1533 1261 1651 1302 non
1691 1249 1811 1302 tam
1851 1245 2074 1304 violare
2113 1245 2281 1317 signa
2321 1261 2492 1316 quam
2519 1245 2706 1303 sordi-

470 1338 574 1398 bus
614 1339 781 1397 modo
822 1340 1122 1411 inquinare
1163 1356 1299 1399 aves
1339 1340 1620 1400 solebant.
1711 1341 1864 1413 quod
1904 1347 1972 1401 ut
2010 1342 2384 1414 prohiberent
2424 1342 2706 1414 quomodo

471 1437 860 1495 consuluerint
888 1436 1114 1506 Graeci,
1160 1438 1208 1496 si
1243 1438 1587 1511 quaerimus,
1634 1437 1791 1497 haud
1831 1456 1964 1498 raro
1992 1444 2214 1498 statuas
2242 1440 2347 1498 sub
2377 1440 2507 1498 divo
2537 1440 2709 1497 collo·

478 1538 638 1593 catas
705 1534 875 1594 tectis
936 1534 1100 1607 quasi
1161 1542 1530 1594 conservatas
1579 1552 1705 1595 esse
1745 1536 2118 1596 inveniemus.
2200 1537 2517 1596 adhibuere
2560 1537 2711 1594 enim

482 1631 681 1689 tenuia
739 1629 883 1690 folia
943 1631 1204 1708 (πέταλα)
1265 1648 1337 1690 ex
1398 1633 1633 1692 metallo
1696 1634 1758 1691 in
1806 1633 1976 1692 lunae
2015 1632 2257 1691 formam
2297 1634 2427 1693 fusa
2469 1633 2711 1705 ideoque

479 1728 713 1787 lunulae
752 1728 1055 1806 (μηνίσκοι)
1097 1731 1403 1804 appellata,
1448 1747 1597 1803 quae
1640 1731 1923 1804 capitibus
1963 1736 2285 1790 statuarum
2321 1731 2542 1805 imponi
2569 1732 2714 1790 sole-

477 1828 637 1895 bant,
690 1843 763 1885 ne
805 1844 939 1886 aves
978 1827 1290 1886 insidentes
1330 1828 1702 1899 inquinarent
1743 1845 1815 1887 ea
1853 1844 1997 1886 neve
2038 1828 2375 1900 polluerent.
2389 1829 2437 1903 3>
2502 1829 2603 1887 sed
2642 1845 2714 1887 ne

478 1925 641 1997 signa
690 1925 919 1996 quidem
960 1926 1023 1983 in
1063 1925 1296 1998 templis
1337 1924 1620 1983 collocata
1659 1927 1732 1983 ab
1774 1926 2104 1984 animalium
2130 1925 2354 2001 iniuriis
2381 1931 2512 1984 tuta
2539 1924 2715 1984 fuisse

483 2037 555 2079 ex
593 2021 850 2079 Arnobio
898 2020 1148 2080 efficitur
1189 2021 1305 2098 (VI
1335 2022 1463 2096 16),
1517 2022 1615 2093 qui
1656 2022 1718 2079 in
1758 2039 1857 2081 ore
1897 2023 2333 2081 simulacrorum
2375 2024 2446 2082 ab
2488 2024 2717 2082 araneis

486 2118 668 2177 ordiri
728 2119 877 2178 retia
934 2126 1110 2192 atque
1171 2120 1505 2179 hirundines
1565 2121 1723 2179 intra
1770 2122 1924 2193 ipsos
1974 2120 2200 2179 aedium
2243 2121 2716 2179 circumvolantes

484 2215 674 2275 tholos
732 2218 1000 2276 stercoris
1058 2219 1286 2290 splenas
1336 2218 1579 2276 iaculari
1600 2295 1607 2300 ,
1631 2221 1690 2276 et
1730 2218 1897 2276 modo
1939 2219 2097 2290 ipsos
2135 2219 2330 2277 vultus
2370 2218 2539 2276 modo
2581 2218 2716 2276 bar-

490 2314 635 2386 bam,
679 2315 890 2388 oculos,
935 2331 1122 2387 nasos,
1165 2315 1418 2388 aliasque
1461 2332 1657 2375 omnes
1699 2315 2135 2375 simulacrorum
2173 2320 2371 2388 partes
2413 2316 2717 2389 depingere

485 2418 686 2472 auctor
725 2416 828 2471 est.
893 2412 1046 2484 quod
1085 2413 1355 2486 impediri
1392 2413 1490 2471 vix
1530 2418 1792 2485 poterat:
1858 2411 2330 2483 acquiescendum
2370 2413 2553 2485 igitur
2593 2416 2721 2471 erat

483 2511 544 2569 in
583 2511 758 2585 signis
799 2510 1064 2570 sordibus
1104 2516 1276 2583 atque
1317 2511 1558 2570 maculis
1599 2526 2003 2582 nonnunquam
2043 2509 2377 2583 purgandis,

643 2609 888 2681 denique
937 2614 1039 2668 aut
1100 2615 1291 2668 terrae
1340 2614 1500 2668 motu
1543 2608 1722 2683 (quod
1765 2625 1879 2666 non
1918 2624 2052 2666 raro
2080 2608 2141 2664 in
2171 2606 2418 2666 Graecia
2446 2606 2720 2665 accidisse

493 2708 810 2783 putaveris)
853 2708 1059 2766 violari
1109 2714 1211 2766 aut
1249 2725 1357 2780 per
1398 2724 1459 2765 se
1501 2723 1772 2766 corruere
1785 2706 1835 2782 ⁴)
1877 2709 2149 2779 poterant
2189 2706 2377 2779 signa:
2419 2703 2510 2762 his
2549 2704 2721 2762 rebus

498 2804 805 2879 providere
854 2805 1083 2864 omnino
1123 2805 1404 2863 neminem
1444 2804 1701 2876 potuisse
1742 2809 1923 2877 patet.

647 2904 766 2962 iam
794 2902 846 2960 si
887 2903 1234 2979 quaerimus,
1276 2906 1501 2961 statuae
1540 2902 1652 2960 hoc
1678 2901 1849 2960 modo
1889 2901 2141 2959 violatae
2168 2900 2445 2972 quomodo
2473 2898 2723 2956 refectae

493 3001 624 3072 sint,
688 3001 868 3059 etiam
929 3000 1000 3059 de
1052 3001 1161 3058 hac
1201 3016 1266 3058 re
1306 3016 1597 3072 perpauca
1637 2993 1805 3058 modo
1848 2999 2083 3072 prodita
2123 3016 2246 3057 esse
2286 2997 2594 3056 memoriae
2633 2995 2724 3052 in-

495 3097 803 3156 veniemus
880 3113 947 3155 ac
998 3096 1242 3169 primum
1285 3097 1512 3168 quidem
1553 3113 1701 3170 quae
1742 3097 1813 3155 de
1842 3113 1971 3155 cura
1997 3096 2209 3178 publica
2235 3095 2401 3154 nobis
2427 3098 2567 3152 nota
2593 3096 2727 3150 sunt

496 3195 546 3253 si
571 3210 986 3267 percensemus‚
1017 3194 1456 3268 diligentissime
1483 3195 1714 3267 quidem
1744 3212 1781 3252 a
1810 3194 1966 3253 Chiis
1994 3197 2221 3252 statuae
2248 3192 2472 3250 cuidam
2502 3190 2724 3249 consul-

496 3297 620 3350 tum
641 3308 765 3351 esse
777 3291 826 3367 5)
846 3295 1199 3365 compertum
1218 3292 1511 3354 habemus.
1554 3297 1683 3352 erat
1703 3292 1854 3351 enim
1874 3293 1935 3351 in
1955 3291 2098 3350 urbe
2116 3291 2220 3349 illa
2238 3291 2459 3363 signum
2477 3288 2728 3346 Philitae

498 3389 653 3458 civiS,
697 3390 805 3461 qui·
833 3395 1143 3463 tyrannum
1185 3390 1472 3462 quondam
1511 3390 1890 3449 interfecerat
1916 3394 2091 3461 atque
2117 3389 2205 3447 ita
2232 3386 2435 3447 eximio
2462 3384 2629 3444 modo
2656 3384 2727 3443 de

499 3487 847 3560 reipublicae
866 3489 1052 3553 salute
1072 3488 1310 3547 meritus
1333 3494 1476 3549 erat.
1520 3490 1691 3563 plura
1711 3488 1782 3547 de
1809 3504 1880 3546 eo
1907 3487 2248 3560 ignoramus.
2292 3484 2510 3541 nobiles
2537 3485 2731 3540 autem

499 3585 659 3645 urbis
719 3584 876 3644 illius
938 3589 1187 3644 statuam
1249 3589 1452 3644 contra
1522 3601 1584 3644 se
1654 3584 1901 3657 positam
1970 3598 2095 3641 esse
2151 3581 2471 3639 iudicantes
2539 3578 2729 3652 gladio

500 3680 873 3759 privarunt.⁰)
935 3682 1148 3757 populo
1188 3686 1499 3755 propterea
1538 3682 1738 3749 visum,
1782 3685 1847 3739 ut
1887 3683 2181 3739 exetastae
2224 3676 2433 3736 ceteris
2474 3675 2731 3735 omnibus

646 3833 688 3901 ¹)
727 3832 836 3888 vid.
872 3832 1019 3889 Bott.
1056 3832 1195 3888 tekt.
1231 3831 1288 3887 H
1324 3833 1354 3901 ξ
1392 3832 1478 3887 59.

646 3922 688 3990 ²)
728 3920 894 3977 Paus,
930 3921 981 3977 X
1022 3922 1104 3992 15,
1142 3921 1192 3976 5.
1233 3950 1298 3959 —
1338 3920 1485 3976 Plut.
1524 3920 1593 3976 de
1630 3917 1792 3989 Pyth.
1831 3934 1913 3973 or.
1951 3919 2001 3975 3.

649 4009 691 4080 ³)
731 4010 901 4067 schol.
927 4010 1215 4080 Aristoph.
1242 4025 1370 4064 aves
1413 4012 1566 4067 1114.
1596 4039 1662 4048 —-
1690 4006 1841 4063 Suid.
1881 4004 2118 4076 Hesych.
2145 4003 2303 4058 Phot.
2332 4019 2377 4059 8.
2400 4019 2451 4056 v,
2489 3993 2739 4073 μηνίσκοι.

648 4099 694 4171 ⁴)
734 4098 794 4156 C.
832 4099 876 4155 I.
916 4098 984 4157 G.
1019 4099 1076 4155 H
1112 4102 1253 4156 3488
1292 4129 1360 4139 —
1400 4098 1626 4168 Sueton,
1662 4096 1850 4152 Vitell.
1889 4098 1937 4151 9.
1977 4094 2074 4151 cfr.
2111 4092 2257 4149 Plut.
2294 4093 2501 4147 Anton.
2540 4091 2623 4144 60.

651 4189 695 4257 ⁵)
734 4193 859 4245 acta
894 4205 966 4244 m.
1006 4188 1158 4245 acad.
1196 4187 1380 4244 Berol.
1425 4189 1576 4245 1863.
1616 4202 1671 4256 p.
1710 4186 1832 4240 265.

652 4279 697 4351 θ)
736 4295 782 4336 c.
823 4277 1042 4350 OlymP.
1085 4280 1203 4346 112,
1246 4281 1292 4335 1.
1331 4293 1400 4332 ex
1423 4273 1753 4332 Kirchhoffii
1789 4273 2108 4330 coniectura
2141 4269 2454 4339 ingeniosa.-
