3226 5078
1359 542 1776 607 ..fi-3...

462 744 704 819 ligiones
765 741 991 815 priscae
1054 742 1423 798 conservatae
1473 743 1622 797 sunt.
1715 737 2002 796 Maximus
2051 738 2199 796 enim
2250 737 2461 810 Tyrius
2474 736 2520 811 1)
2571 736 2692 795 suis

467 843 643 902 etiam
681 838 1037 913 temporibus
1078 837 1343 911 agricolis
1383 836 1443 893 in
1468 851 1627 894 more
1653 833 1831 893 fuisse
1857 834 2056 901 tradit,
2100 839 2167 892 ut
2193 834 2439 908 vigentis
2466 834 2689 892 arboris
2753 902 2756 907 ,

459 945 723 998 truncum
773 939 834 995 in
885 936 1086 995 Liberi
1134 933 1426 994 simulacri
1477 932 1709 992 modum
1747 932 2024 991 vestirent
2064 937 2237 1005 atque
2278 937 2578 995 ornarentz
2630 932 2691 989 in

466 1037 848 1110 Proserpinae
889 1038 1083 1093 autem
1122 1032 1300 1091 sacris
1341 1045 1510 1091 caesa
1549 1030 1721 1090 arbor
1760 1031 1822 1089 in
1862 1029 2112 1104 effigiem
2152 1030 2396 1102 virginis
2422 1028 2690 1088 formams

463 1152 572 1207 que
614 1133 880 1206 componi
919 1136 978 1189 et
1003 1130 1385 1203 quadraginta
1410 1128 1675 1188 noctibus
1699 1128 1917 1201 plangi,
1959 1128 2406 1202 quadragesima
2434 1126 2692 1197 comburi

462 1230 760 1305 solebat.²)
814 1227 1201 1302 pulcherrima
1249 1226 1482 1299 quidem
1531 1226 1655 1285 eius
1703 1226 1927 1300 generis
1976 1225 2286 1284 simulacra
2326 1226 2387 1282 in
2427 1240 2692 1283 vasorum

456 1344 685 1402 quoque
735 1326 976 1400 picturis
1022 1329 1257 1385 servata
1305 1323 1469 1384 nobis
1509 1329 1659 1392 sunt,
1713 1341 1856 1396 quas
1899 1324 2129 1398 collegit
2172 1321 2239 1382 O.
2282 1323 2590 1382 Botticher
2631 1323 2694 1380 in

461 1426 610 1486 libro
650 1426 748 1497 qui
787 1424 1119 1484 inscribitur
1163 1423 1515 1493 „baumkult.
1559 1422 1664 1482 der
1704 1422 2040 1481 Hellenen“.
2059 1418 2108 1497 3)

626 1524 729 1583 sed
769 1521 1056 1596 permulta
1097 1522 1272 1579 etiam
1311 1521 1473 1595 signa
1497 1520 1559 1578 in
1585 1519 1815 1593 templis
1844 1520 2124 1579 collocata
2150 1519 2261 1577 hoc
2286 1518 2455 1577 modo
2486 1523 2693 1577 ornata

465 1638 587 1682 esse
637 1625 991 1694 compertum
1038 1619 1331 1678 habemus
1413 1620 1451 1679 J
1452 1618 1573 1677 ovis
1624 1618 1855 1692 quidem
1906 1618 2135 1692 signum
2185 1617 2487 1690 Syracusis
2535 1621 2696 1676 veste

467 1724 730 1778 ornatum
770 1718 947 1777 fuisse
996 1733 1068 1775 ex
1107 1715 1356 1775 Aeliano
1368 1716 1418 1792 ⁴)
1471 1715 1722 1775 efficitur
1758 1717 2025 1789 idemque
2067 1716 2138 1775 de
2178 1715 2425 1775 Junonis
2469 1713 2699 1773 Samiae

456 1819 771 1876 simulacro
802 1816 1141 1899 Lactantius
1169 1811 1491 1890 testatur.⁵)
1551 1816 1795 1874 Titanae
1836 1820 2029 1873 autem
2057 1814 2377 1886 Aesculapi
2418 1817 2478 1871 et
2506 1811 2700 1871 fanum

460 1921 524 1974 et
570 1917 790 1988 signum
843 1918 993 1986 erat,
1047 1913 1209 1972 cuius
1250 1913 1376 1971 sola
1415 1910 1592 1972 facies
1643 1918 1703 1971 et
1741 1928 1945 1972 manus
1987 1916 2047 1970 et
2085 1911 2188 1969 imi
2227 1910 2401 1984 pedes
2445 1909 2698 1982 conspici

467 2017 760 2086 poterant3
826 2015 1052 2070 ceterae
1113 2011 1263 2068 enim
1326 2015 1520 2084 partes
1569 2010 1739 2070 lanea
1788 2011 1985 2069 tunica
2037 2010 2171 2069 alba
2211 2015 2273 2068 et
2310 2008 2487 2082 pallio
2531 2012 2696 2066 erant

462 2106 731 2184 velata.⁰)
792 2109 1100 2180 eodemque
1139 2107 1262 2167 fere
1303 2109 1509 2167 habitu
1534 2108 1765 2183 Hygiae
1807 2113 1932 2168 erat
1972 2105 2219 2182 signum:
2264 2108 2515 2166 velatum
2542 2106 2695 2165 enim
2791 2122 2810 2129 ·

462 2207 835 2277 undecunque
884 2212 1035 2279 erat,
1098 2206 1309 2278 partim
1358 2206 1535 2265 comis
1583 2222 1727 2277 quas
1778 2206 1921 2266 deae
1970 2206 2239 2265 mulieres
2292 2204 2693 2271 detonderunt,

461 2306 672 2379 partim
720 2321 856 2387 uero
896 2304 1239 2379 babyloniae
1289 2306 1466 2365 vestis
1514 2305 1750 2365 laciniis.
1816 2306 2067 2377 itemque
2117 2305 2364 2364 Athenis
2423 2302 2696 2376 Ilithyiae

463 2404 686 2477 signum
727 2409 990 2462 ornatum
1030 2402 1203 2463 fuisse
1242 2403 1571 2478 legimus⁷);
1619 2403 1707 2463 sin
1748 2408 1943 2462 autem
1970 2403 2137 2463 addit
2162 2403 2499 2470 Pausanias,
2543 2403 2697 2461 solos

464 2503 711 2561 omnium
750 2500 1129 2560 Athenienses
1191 2500 1333 2560 deae
1394 2501 1620 2574 signum
1677 2517 1857 2573 usque
1905 2500 1981 2560 ad
2028 2501 2173 2561 imos
2225 2501 2401 2575 pedes
2451 2500 2694 2572 velasse,

466 2600 578 2658 sibi
617 2599 730 2672 ipsi
771 2602 1073 2671 repugnat:
1137 2597 1316 2671 Aegii
1358 2598 1508 2657 enim
1549 2598 1799 2658 eiusdem
1843 2599 1984 2658 deae
2023 2600 2245 2673 signum
2286 2616 2322 2658 a
2360 2599 2582 2658 vertice
2622 2598 2698 2657 ad

455 2698 681 2757 calcem
732 2696 893 2754 tenui
945 2697 1179 2755 carbaso
1219 2697 1473 2755 velatum
1512 2700 1746 2768 praeter
1786 2712 1850 2756 os
1890 2712 2138 2755 summas
2178 2713 2381 2755 manus
2421 2701 2482 2755 et
2522 2697 2696 2769 pedes

360 2825 367 2832 ·
475 2796 649 2871 (quae
690 2779 885 2867 partes
928 2811 1000 2853 ex
1040 2811 1323 2853 marmore
1363 2793 1651 2868 pentelico
1696 2800 1889 2855 essent
1929 2793 2210 2869 sculptae)
2256 2813 2317 2855 se
2368 2796 2579 2855 vidisse
2622 2794 2698 2853 ad

474 2893 711 2951 verbum
759 2891 911 2950 idem
960 2891 1285 2967 prodidit.8)
1365 2892 1692 2965 Apollinem
1741 2909 1879 2953 vero
1932 2909 1969 2952 a
2017 2893 2154 2953 solis
2194 2894 2360 2968 Syris
2400 2898 2558 2953 veste
2599 2909 2697 2952 ve-

467 2992 648 3049 latum
692 3007 816 3049 esse
856 3007 928 3048 ex
967 2989 1414 3049 Pseudoluciani
1456 2989 1565 3049 dea
1605 2990 1777 3063 Syria
1818 2989 1949 3067 (36)
1992 2990 2281 3050 discimus.

624 3090 764 3160 quin
812 3089 986 3146 etiam
1035 3104 1214 3147 aenea
1263 3089 1432 3161 signa
1481 3088 1836 3148 vestimentis
1887 3089 2089 3150 induta
2129 3104 2255 3148 esse
2297 3089 2698 3162 comperimus:

471 3186 726 3256 Neptuni
770 3186 920 3243 enim
960 3184 1080 3259 (vel
1119 3183 1401 3258 Satrapae
1440 3190 1508 3243 ut
1545 3185 1679 3245 Elei
1716 3185 1974 3253 aiebant)
2015 3187 2238 3260 signum
2288 3203 2526 3247 aeneum
2575 3186 2701 3244 loco

473 3280 632 3338 urbis
671 3281 916 3340 maxime
956 3281 1317 3353 frequentato
1358 3286 1612 3342 erectum
1653 3283 1838 3341 tribus
1881 3288 2142 3343 ornatum
2183 3289 2309 3344 erat
2347 3284 2597 3344 vestibus
2640 3290 2700 3344 et

466 3377 637 3435 lanea
688 3385 747 3434 et
794 3379 973 3438 lintea
1013 3386 1073 3438 et
1113 3381 1361 3453 byssina.
1374 3380 1423 3455 ⁹)
1505 3397 1793 3455 nunquam
1832 3382 1944 3442 nisi
1994 3381 2165 3441 fallor
2204 3382 2510 3442 simulacra
2549 3399 2698 3441 mar-

618 3553 658 3621 ι)
698 3551 914 3610 dissert.
951 3554 1084 3610 VIII
1127 3559 1172 3612 1.

612 3643 656 3710 2)
697 3642 810 3698 Jul.
848 3643 1023 3700 Firm.
1057 3645 1125 3701 de
1163 3662 1350 3702 errore
1389 3645 1527 3717 prof.
1565 3647 1722 3717 relig.
1762 3650 1828 3702 27
1866 3648 1929 3703 Β.

613 3730 660 3800 ³)
700 3731 826 3801 figg.
863 3735 1134 3805 42—43a,
1172 3736 1223 3791 b·
1247 3765 1311 3776 --
1350 3738 1446 3803 44;
1487 3734 1583 3794 cfr.
1622 3751 1674 3806 p,
1719 3738 1817 3792 103
1858 3752 1977 3807 sqq.

616 3819 661 3891 ⁴)
700 3838 814 3877 var.
854 3822 908 3877 h.
946 3822 972 3876 I
1010 3825 1094 3878 20.
2097 3820 2109 3833 ⁹

612 3909 655 3979 ⁵)
693 3910 823 3967 inst.
862 3911 888 3965 I
917 3914 999 3967 17.
1129 3914 1134 3918 ’

611 3996 655 4065 ⁰)
694 3997 932 4056 Pausan.
970 3999 1025 4055 II
1067 4003 1149 4070 11,
1188 4004 1236 4056 6.

617 4085 659 4153 ⁷)
699 4087 829 4144 ibid.
869 4089 895 4143 I
936 4092 1020 4159 18,
1057 4091 1106 4146 5.

613 4171 655 4241 ⁸)
682 4173 827 4236 ibid.
863 4176 969 4230 VII
1007 4181 1092 4248 23,
1130 4180 1179 4235 5.

613 4260 656 4330 ⁹)
696 4262 827 4318 ibid.
866 4263 943 4318 VI
980 4267 1065 4336 25,
1104 4269 1152 4322 5.
