3226 5078
1399 513 1790 575 -7-

491 702 762 777 pidesque
813 703 888 762 ad
938 702 1121 763 basim
1169 704 1477 764 necessarii
1516 704 1576 762 in
1616 702 1812 763 fanum
1836 703 2206 766 afferrentur.
2286 703 2497 762 ibidem
2538 703 2712 763 etiam

493 801 667 878 ἔρυμα
707 805 1199 870 commemoratur,
1262 791 1320 861 h'.
1364 818 1412 860 e.
1466 807 1689 875 septum
1738 801 2039 875 quoddam,
2101 817 2213 875 quo
2255 800 2593 875 cingebatur
2632 802 2711 860 si-

491 897 805 955 mulacrum
855 898 995 974 (vid.
1038 898 1209 958 Paus.
1251 897 1327 973 V,
1376 901 1466 972 11,
1510 900 1603 976 4);
1653 900 1763 958 hoc
1802 903 1993 959 autem
2032 899 2145 957 nisi
2184 898 2246 958 in
2283 897 2711 972 pretiosissimis

492 994 810 1055 simulacris
849 994 1169 1055 adhibitum
1209 1011 1324 1055 non
1363 1011 1487 1055 esse
1525 996 1772 1056 videtur.
1852 997 1944 1056 his
1984 1011 2207 1069 quoque
2247 995 2504 1055 omnibus
2541 997 2714 1056 rebus

493 1097 817 1151 curatorem
857 1092 1011 1165 signi
1048 1092 1354 1166 providere
1392 1094 1714 1166 oportebat.
1798 1092 2125 1166 saepissime
2159 1097 2366 1166 autem,
2407 1093 2714 1166 praecipue

500 1205 628 1247 cum
668 1189 773 1249 sub
814 1189 946 1247 divo
987 1188 1208 1264 signum
1257 1195 1411 1249 esset
1457 1189 1865 1263 collocandum,
1929 1193 2092 1248 tanto
2152 1189 2495 1262 maximique
2544 1189 2718 1264 pretii

362 1321 372 1330 -
498 1291 779 1359 apparatu
840 1301 982 1359 opus
1041 1301 1157 1346 non
1216 1291 1357 1346 erat.
1440 1291 1566 1345 tum
1615 1290 1806 1346 autem
1855 1286 2007 1346 basis
2057 1285 2182 1346 sola
2220 1301 2332 1345 non
2370 1284 2711 1346 sufficiebat:

499 1388 693 1442 statua
732 1384 884 1442 enim
923 1383 1200 1458 paulatim
1240 1384 1302 1443 in
1339 1385 1573 1443 humum
1611 1383 1888 1444 imbribus
1927 1382 2245 1443 emollitum
2284 1383 2519 1456 delapsa
2544 1388 2712 1444 esset.

498 1482 691 1554 itaque
730 1480 1094 1541 fundamento
1147 1482 1552 1543 consulendum
1601 1488 1729 1542 erat
1787 1482 1848 1541 in
1905 1481 2138 1541 humum
2196 1480 2561 1565 demittend0‚
2625 1481 2717 1540 cui

499 1579 764 1651 imposita
801 1579 954 1638 basis
1003 1580 1297 1639 considere
1360 1596 1476 1639 non
1524 1585 1785 1657 posset.¹)
1864 1584 2186 1639 curatorem
2245 1583 2435 1639 autem
2495 1595 2715 1652 semper

499 1676 672 1735 etiam
720 1679 845 1737 basi
894 1682 957 1737 et
1004 1676 1434 1752 perficiendae¹)
1492 1678 1808 1752 providisse
1869 1684 1929 1738 et
1978 1676 2343 1738 collocandae
2392 1681 2454 1736 et·
2500 1693 2607 1750 per
2655 1692 2717 1737 se

499 1775 976 1836 verisimillimum
1036 1784 1126 1837 est
1184 1778 1437 1850 satisque
1495 1778 1921 1837 demonstratur
1980 1774 2392 1837 G.1.G.111
2440 1776 2597 1836 3884
2658 1779 2720 1835 et

496 1873 638 1935 Leb.
677 1874 740 1933 Π
783 1878 811 1933 1
825 1875 935 1935 16a
971 1876 1174 1935 titulis.

657 1972 946 2032 interdum
988 1974 1160 2032 etiam
1202 1988 1444 2031 coronae
1485 1971 1536 2032 si
1574 1988 1723 2045 quae
1761 1976 1992 2046 praeter
2033 1975 2281 2030 statuam
2320 1968 2558 2028 decreta
2596 1973 2725 2028 erat

499 2068 816 2141 providisse
875 2075 1110 2129 curator
1165 2070 1395 2129 videtur
1453 2067 1549 2143 (O.
1598 2069 1647 2129 Ι.
1697 2067 1775 2127 A.
1824 2067 1887 2127 11
1950 2065 2104 2127 275?
2125 2099 2202 2110 —
2226 2063 2391 2140 312);
2453 2065 2555 2124 sed
2613 2065 2723 2125 hoc

500 2182 702 2226 munus
742 2183 857 2225 non
895 2184 1118 2241 semper
1156 2167 1231 2227 ad
1272 2183 1401 2227 eum
1442 2167 1698 2226 delatum
1732 2182 1857 2226 esse
1883 2182 1954 2225 ex
1983 2164 2043 2225 C.
2073 2164 2120 2224 Ι.
2153 2164 2222 2224 G.
2250 2163 2281 2223 I
2310 2165 2424 2223 107
2464 2168 2722 2238 apparet.

504 2263 592 2322 sin
617 2268 809 2323 autem
838 2268 1110 2324 externae
1134 2264 1297 2325 urbis
1324 2264 1437 2325 civi
1463 2270 1525 2324 et
1552 2268 1744 2325 statua
1769 2263 1830 2322 in
1855 2263 2046 2337 patria
2072 2260 2403 2321 collocanda
2430 2265 2488 2321 et
2513 2276 2723 2320 corona

507 2360 739 2420 decreta
787 2367 952 2432 esset,
1016 2379 1258 2423 coronae
1310 2379 1531 2436 quoque
1579 2362 1641 2420 in
1679 2361 1783 2421 illa
1820 2361 1963 2420 urbe
2001 2359 2227 2434 publice
2265 2358 2722 2432 pronuntiandae

508 2459 804 2518 consulere
855 2465 1179 2520 curatorem
1219 2461 1479 2534 oportuit
1518 2458 1612 2535 (C.
1654 2458 1704 2519 Ι.
1744 2457 1813 2517 A.
1865 2457 1929 2517 Π
1970 2456 2139 2533 251);
2191 2456 2311 2515 sine
2359 2456 2481 2514 ulla
2528 2461 2722 2515 autem

505 2557 864 2618 dubitatione
913 2574 1026 2617 non
1065 2560 1191 2632 ipse
1231 2574 1498 2618 coronam
1537 2556 1936 2631 pronuntiavit
1975 2560 2204 2615 curator
2242 2553 2345 2615 sed
2383 2569 2722 2628 praeconem

503 2659 811 2727 propterea
850 2655 1140 2716 conduxit.

664 2751 757 2810 vel
798 2751 1029 2811 decreto
1070 2750 1277 2812 deinde
1317 2752 1378 2810 in
1417 2751 1542 2812 basi
1568 2755 1799 2810 statuae
1825 2749 2114 2810 exarando
2143 2754 2462 2808 curatorem
2490 2763 2724 2821 operam

508 2846 732 2907 dedisse
773 2848 1170 2922 comperimua
1253 2848 1468 2908 accidit
1506 2849 1697 2919 etiam,
1739 2853 1809 2906 ut
1846 2848 2139 2908 decretum
2164 2851 2224 2907 et
2250 2847 2544 2932 columnae
2569 2861 2724 2905 mar-

504 2961 732 3005 moreae
781 2946 893 3005 soli
939 2950 1042 3005 aut
1089 2950 1150 3006 et
1188 2945 1314 3005 basi
1354 2950 1414 3005 et
1453 2946 1747 3005 columnae
1786 2949 1890 3004 aut
1928 2945 2020 3005 vel
2059 2943 2278 3003 duabus
2318 2942 2595 3002 columnis
2632 2942 2722 3000 in-

511 3042 627 3102 cidi
666 3045 890 3103 senatui
915 3044 1238 3118 populoque
1264 3044 1540 3117 placeret.
1580 3043 1759 3102 etiam
1785 3042 1876 3102 his
1900 3042 2073 3102 rebus
2097 3040 2412 3114 providisse
2436 3040 2724 3099 interdum

505 3147 830 3201 curatorem
886 3158 958 3200 ex
1008 3141 1072 3203 C.
1111 3142 1161 3201 I.
1205 3141 1273 3201 G.
1326 3141 1391 3201 H
1431 3141 1624 3201 2374e
1671 3139 1827 3216 (add.
1870 3156 1928 3213 p.
1972 3138 2153 3215 1074)
2191 3143 2253 3199 et
2284 3137 2467 3211 Bang.
2510 3138 2627 3198 689
2668 3142 2729 3197 et

508 3260 667 3313 μουσ.
710 3238 801 3298 καὶ
840 3240 971 3316 βιβλ.
1015 3238 1208 3317 (ἶμυρν.
1267 3240 1419 3298 1878
1460 3255 1515 3312 p.
1559 3238 1636 3296 23
1681 3241 1921 3297 constat.
2002 3235 2105 3296 sed
2143 3251 2256 3294 non
2294 3251 2541 3309 semper:
2592 3250 2724 3304 nam

511 3326 781 3394 Athenis'
821 3336 1049 3410 quidem
1109 3353 1181 3396 ex
1241 3336 1461 3396 duobus
1518 3336 1704 3397 titulis
1764 3334 1855 3412 (G.
1916 3335 1965 3395 Ι.
2005 3335 2075 3393 A.
2138 3333 2199 3393 Π
2260 3332 2603 3409 251-331)
2665 3337 2725 3393 et

515 3433 811 3492 columnae
860 3432 1240 3506 perficiendae
1289 3431 1633 3507 decretoque
1682 3432 1744 3491 in
1795 3448 1865 3491 ea
1903 3431 2190 3492 exarando
2230 3430 2478 3490 scribam
2521 3429 2725 3508 (γραμ-

511 3529 711 3607 ματέα)
752 3530 1098 3590 consuluisse
1139 3530 1427 3591 discimus.

666 3627 783 3686 iam
822 3627 873 3686 si
901 3626 1238 3701 quaerimus,
1282 3642 1393 3701 quo
1433 3631 1692 3704 tempore
1731 3630 1956 3686 statuae
1995 3624 2289 3701 ponendae
2327 3625 2556 3694 fuerint,
2596 3625 2723 3700 ple-

506 3741 744 3798 rumque
793 3729 1013 3785 certum
1051 3724 1442 3784 collocationis
1480 3729 1705 3797 tempus
1741 3722 2054 3797 praescribi
2092 3737 2207 3781 non
2245 3722 2481 3783 solebat.
2522 3723 2725 3783 unicus

509 3807 661 3882 enim
710 3828 798 3884 est
836 3822 1041 3883 titulus
1081 3823 1234 3898 apud
1272 3824 1455 3898 Rang.
1497 3822 1616 3883 567
1664 3822 2004 3897 publicatus,
2065 3821 2128 3880 in
2167 3837 2278 3895 quo
2327 3824 2624 3880 curatores
2658 3825 2727 3880 ut

649 4045 669 4077 1

654 4045 699 4202 ’ζ
727 4042 1021 4188 Ῑιίἲεῖεὲοἴέθ
1030 4043 1274 4202 ἳὲἷςῖιιηι
1307 4132 1525 4203 priscae
1560 4131 1875 4202 impositum
1912 4132 1998 4187 est
2046 4130 2182 4201 basi,
2237 4145 2380 4203 quae
2414 4130 2526 4186 iam
2562 4130 2723 4184 antea

513 4222 731 4277 statuae
765 4219 1021 4278 ferendae
1056 4222 1346 4290 servierat3
1383 4220 1444 4279 C.
1481 4220 1525 4278 I.
1564 4219 1632 4277 G.
1668 4220 1694 4277 Ι
1729 4220 1852 4278 380.
