3226 5078
1399 463 1794 528 ..8-

482 657 677 712 statua
715 653 776 711 in
814 670 961 714 novo
1000 656 1404 729 tragoedorum
1445 656 1758 717 collocetur
1798 655 2108 716 certamine
2149 670 2351 713 curare
2378 653 2702 730 iubentur¹)

485 751 681 828 (quem
739 768 952 812 morem
1011 753 1074 811 in
1134 755 1357 814 coronis
1414 755 1853 828 pronuntiandis
1911 755 2155 813 maxime
2203 752 2478 812 usitatum
2527 750 2702 811 fuisse

483 864 649 908 nemo
676 849 899 925 nescit).
928 849 1037 909 hoc
1057 851 1367 925 singulare:
1400 852 1621 911 sienim
1649 853 1874 910 omnino
1902 851 2039 924 quid
2066 850 2137 909 de
2163 854 2421 922 tempore
2449 848 2699 921 additur,

484 948 594 1007 hoc
632 949 937 1022 praecipue
975 950 1295 1024 imperatur
1336 951 1712 1020 curatoribus,
1754 955 1821 1008 ut
1869 950 2029 1025 signo
2080 965 2250 1022 quam
2300 947 2596 1007 celerrime
2644 950 2704 1004 et

486 1045 700 1119 optime
738 1046 996 1119 ponendo
1034 1047 1440 1123 provideant2)

644 1158 773 1201 cum
813 1144 1052 1216 denique
1092 1146 1169 1204 ad
1213 1144 1384 1204 finem
1409 1147 1595 1204 omnia
1620 1145 2020 1219 perduxissent
2045 1148 2353 1216 curatoreS,
2397 1142 2703 1215 magistra-

485 1241 661 1300 tibus*
696 1242 796 1314 qui
856 1259 892 1301 a
948 1243 1270 1302 rationibus
1330 1249 1495 1303 erant
1553 1242 1866 1321 (λογισταῖς)
1927 1243 2208 1302 rationem
2266 1257 2365 1300 eos
2413 1236 2704 1314 reddere⁸)

485 1339 788 1412 oportebat
845 1340 1230 1414 impensarum
1288 1358 1430 1414 quas
1479 1342 1755 1414 fecerant,
1818 1340 2131 1413 iisdemque
2180 1354 2328 1410 quae
2368 1338 2707 1396 restiterant

481 1438 761 1511 pecuniae
800 1439 1102 1498 solvendae
1143 1444 1306 1499 erant
1346 1439 1550 1516 (Rang.
1598 1439 1756 1516 689).

641 1533 893 1594 dubitari
940 1542 1146 1610 potest,
1209 1542 1404 1596 utrum
1455 1554 1678 1611 semper
1725 1537 1901 1596 iidem
1952 1536 2052 1609 qui
2100 1539 2327 1596 statuae
2366 1535 2438 1593 ab
2481 1530 2703 1592 artifice

483 1630 861 1706 perficiendae
907 1634 1300 1707 providebant,
1366 1635 1752 1695 collocandam
1806 1650 2029 1707 quoque
2079 1650 2207 1693 eam
2254 1632 2583 1691 curaverint
2631 1647 2704 1689 an

483 1729 587 1788 alii
626 1731 810 1789 altero
850 1730 960 1791 hoc
998 1747 1231 1792 munere
1270 1731 1451 1792 functi
1477 1733 1610 1793 sint.
1660 1734 1721 1791 in
1745 1733 2031 1806 plerisque
2073 1732 2222 1791 enim
2261 1731 2447 1790 titulis
2484 1735 2551 1788 ut
2590 1730 2704 1787 iam

484 1831 655 1886 antea
692 1830 884 1887 monui
925 1827 1346 1907 ἐπιμεληθέντος
1391 1834 1490 1908 τῆς
1537 1829 1881 1894 ἀναστάσεως
1928 1829 2182 1904 legimUS‚
2226 1844 2361 1887 raro
2389 1827 2705 1902 pleniorem

482 1924 788 1984 formulam
808 1931 1151 2005 κατασκευῆς
1191 1927 1282 1988 καὶ
1322 1927 1666 1993 ἀναστάσεως
1710 1928 1795 2006 (in
1823 1944 1937 2001 qua
1977 1926 2318 2003 κατασκευὴν
2362 1926 2437 1984 ad
2475 1925 2700 1998 signum

485 2021 558 2081 ab
598 2021 818 2099 artifice
852 2023 1272 2098 perficiendum,
1317 2024 1598 2085 ἀνάστασιν
1626 2026 1701 2085 ad
1727 2030 1974 2085 statuam
2003 2025 2391 2085 collocandam
2416 2023 2706 2096 pertinere

485 2120 768 2196 apparet).
811 2121 1091 2181 accedunt
1129 2123 1286 2180 tituli
1327 2123 1448 2194 alii;
1489 2124 1735 2196 primum
1774 2122 2002 2194 quidem
2040 2121 2105 2181 C.
2149 2122 2198 2187 Ι.
2239 2119 2317 2181 A.
2354 2120 2419 2179 11
2455 2121 2591 2189 251,
2635 2136 2706 2178 ex

486 2232 597 2289 quo
639 2215 787 2276 effici
824 2215 1067 2277 fortasse
1110 2219 1300 2277 nescio
1341 2234 1416 2277 an
1456 2219 1665 2278 nemini
1704 2219 1983 2292 videatur,
2048 2219 2260 2278 alteros
2299 2222 2529 2279 statuae
2571 2233 2708 2290 per-

485 2314 776 2383 ficiendae,
819 2315 1033 2375 alteros
1073 2315 1440 2375 collocandae
1478 2316 1812 2390 providisse.
1866 2317 2057 2390 agitur
2099 2316 2248 2374 enim
2287 2316 2349 2374 in
2386 2316 2496 2374 hoc
2534 2314 2706 2372 titulo

488 2412 558 2472 de
597 2413 753 2487 signo
791 2412 1121 2487 Asclepiadi
1159 2413 1480 2487 Byzantino
1520 2415 1581 2472 in
1622 2415 1815 2488 patria
1855 2415 1974 2473 eius
2014 2413 2300 2487 ponend03
2344 2413 2439 2471 cui
2477 2417 2706 2472 statuae

486 2511 866 2586 (coronaeque
906 2511 1044 2572 item
1082 2512 1415 2587 Asclepiadi
1453 2512 1746 2590 decretae)
1787 2510 2165 2586 perficiendae
2203 2510 2570 2585 magistratus
2610 2508 2709 2582 qui

487 2609 517 2667 ὁ
559 2608 646 2668 ἐπὶ
683 2612 755 2688 τῇ
796 2610 1050 2688 διοικήσει
1108 2611 1188 2688 (h.
1242 2627 1294 2672 e.
1344 2616 1686 2685 procurator
1724 2610 1961 2686 aerarii)
2010 2611 2080 2669 ab
2122 2606 2565 2682 Atheniensibus
2603 2623 2707 2666 vo-

489 2708 731 2766 cabatur
780 2712 839 2767 et
885 2713 1003 2768 tres
1050 2708 1247 2782 legati,
1294 2709 1679 2770 ,collocandae
1740 2713 1934 2769 autem
1972 2707 2243 2781 Byzantii
2302 2710 2529 2765 statuae
2589 2708 2709 2763 tres

487 2804 656 2863 modo
696 2805 878 2877 legati
916 2806 1264 2865 consuluere.
1309 2807 1540 2866 videtur
1580 2811 1774 2866 autem
1813 2807 1924 2865 hoc
1964 2806 2088 2865 loco
2127 2808 2471 2879 procurator
2497 2801 2709 2861 aerarii

490 2918 604 2962 non
642 2905 759 2960 tam
800 2905 1026 2961 statuae
1064 2902 1381 2975 providisse
1421 2902 1799 2976 perficiendae
1841 2903 2206 2980 (quamquam
2245 2902 2354 2960 hoc
2379 2917 2485 2974 per
2509 2916 2569 2959 se
2596 2916 2711 2957 non

488 3000 794 3062 abhorrere
834 3017 871 3058 a
909 2999 1235 3060 muneribus
1275 3001 1398 3059 eius
1436 3005 1641 3074 postea
1677 3000 2021 3076 videbimus)
2069 3016 2240 3073 quam
2290 3002 2393 3057 aut
2441 2996 2713 3071 pecunias

487 3098 655 3156 modo
717 3097 792 3156 ad
852 3098 962 3156 hoc
1021 3097 1370 3157 necessarias
1433 3098 1667 3158 solvisse
1708 3098 1800 3175 (Ο.
1841 3099 1890 3159 Ι.
1943 3097 2012 3155 A.
2068 3098 2128 3156 Π
2170 3097 2286 3156 309
2311 3095 2531 3172 -316)
2591 3099 2710 3165 aut,

488 3195 641 3267 quod
681 3194 860 3254 multo
889 3194 1308 3254 existimaveris
1332 3197 1713 3270 verisimilius,
1759 3213 2026 3256 coronam
2050 3194 2454 3270 perficiendam
2481 3209 2711 3252 curasse

490 3292 695 3352 solam:
760 3293 870 3351 hoc
929 3293 1081 3352 enim
1139 3310 1342 3352 munus
1395 3294 1546 3353 alias
1594 3309 1817 3366 quoque
1865 3294 1940 3353 ad
1986 3297 2419 3368 procuratorem
2460 3290 2710 3349 delatum

490 3408 614 3452 esse
655 3408 727 3452 ex
766 3391 831 3451 C.
873 3394 920 3452 Ι.
974 3392 1044 3454 Gr.
1086 3393 1117 3451 I
1161 3394 1272 3452 107
1316 3393 1599 3468 discimus,
1653 3410 1782 3453 cum
1829 3398 2056 3455 statuae
2111 3394 2258 3454 alius
2298 3391 2533 3452 curator
2572 3405 2715 3449 con-

644 3560 686 3627 ¹)
721 3559 871 3616 idem
904 3558 1138 3616 forsitan
1178 3575 1248 3615 ex
1285 3558 1507 3617 Sueton.
1548 3559 1741 3617 Claud.
1778 3562 1811 3616 9
1850 3560 2035 3632 colligi
2069 3559 2262 3631 possit,
2300 3559 2398 3631 qui
2423 3555 2715 3615 Claudium

490 3664 635 3705 anno
672 3648 739 3704 37
777 3648 1072 3706 consulatu
1106 3663 1285 3720 paene
1318 3648 1612 3705 multatum
1637 3664 1762 3705 esse
1786 3648 1974 3718 tradit,
2012 3648 2146 3719 quia
2169 3647 2523 3718 neglegenter
2545 3643 2712 3700 nimis

490 3736 840 3793 consuluerat
874 3737 1073 3793 statuis
1115 3736 1335 3792 Neroni
1359 3738 1414 3793 et
1435 3736 1620 3793 Druso
1655 3736 1949 3808 ponendis.
2021 3735 2171 3807 quod
2212 3736 2294 3791 ita
2327 3733 2490 3790 modo
2525 3734 2714 3805 potest

489 3825 762 3897 intellegi,
816 3827 878 3882 ut
930 3828 1142 3882 certum
1198 3826 1269 3883 ad
1312 3826 1471 3898 signa
1514 3825 1837 3883 collocanda
1880 3827 2146 3897 temporis
2192 3825 2436 3896 spatium
2482 3822 2716 3880 Claudio

491 3916 897 3985 praescriptum
934 3930 1056 3971 esse
1089 3916 1270 3986 putes.

631 4004 677 4074 ²)
714 4003 775 4061 G.
809 4004 855 4061 1.
892 4003 960 4063 G.
994 4003 1051 4061 11
1093 4005 1267 4060 23740
1301 4033 1369 4045 -
1404 4004 1550 4062 Bull.
1584 4004 1653 4071 V,
1702 4004 1785 4074 74,
1824 4020 1876 4062 v.
1912 4004 1982 4074 52
2022 4033 2086 4045 —·
2127 4003 2272 4061 arch.
2310 4003 2437 4059 zeit.
2478 4003 2613 4058 1872
2649 4016 2706 4072 p.

493 4094 596 4151 188
633 4122 702 4135 -
736 4093 973 4151 Newton
1007 4092 1142 4150 disc.
1177 4109 1237 4165 p.
1276 4094 1381 4150 763
1419 4123 1485 4134 -—

631 4183 679 4254 ⁸)
716 4181 910 4237 διδόναι
944 4179 1038 4246 τὰς
1078 4180 1315 4254 εὐθύνας,
1351 4182 1521 4239 schol.
1559 4183 1621 4239 in
1655 4182 1940 4253 Aristoph.
1974 4181 2103 4239 Pac.
2142 4182 2266 4238 605.
