3226 5078
1358 528 1862 603 '-14-

529 736 734 809 quibus
776 736 998 795 scribae
1040 739 1333 795 curatores
1372 734 1545 795 fuisse
1587 735 1867 804 dicuntur,
1926 733 2003 793 ad
2049 746 2225 793 unum
2272 749 2467 793 omnes
2485 733 2569 821 ,in
2606 732 2756 795 Asia

526 833 744 906 reperti
795 837 944 893 sunt.
1033 833 1135 892 sed
1191 833 1474 891 immerito
1535 831 1731 891 forsan
1790 830 1925 891 inde
1987 831 2222 905 colligas
2235 876 2252 905 ‚
2289 832 2466 890 ⁴hunc
2523 849 2745 906 quoque

525 948 741 991 morem
767 930 1006 991 Graecis
1047 947 1162 989 non
1200 930 1499 1004 placuisse,
1543 946 1673 990 cum
1710 929 1989 988 columnis
2027 930 2258 1002 quidem
2298 945 2395 990 eos
2436 930 2753 1003 providisse

525 1030 871 1090 collocandis
911 1029 1161 1089 Athenis
1213 1029 1548 1089 testimoniis
1588 1029 2027 1089 demonstretur.
2112 1029 2296 1089 solum
2341 1029 2585 1102 ,quidem
2642 1047 2749 1103 per

520 1143 584 1186 se
645 1126 890 1186 scribam
951 1143 1180 1187 curasse
1242 1145 1313 1186 ex
1375 1125 1439 1186 G.
1490 1128 1536 1186 Ι.
1591 1127 1663 1188 G.
1704 1127 1765 1185 Π
1817 1127 1973 1186 2947
2034 1127 2205 1186 titulo
2265 1126 2458 1200 Nysae
2517 1132 2749 1200 reperto

521 1223 786 1296 efficitur,
829 1225 890 1283 in
931 1240 1043 1297 quo
1086 1224 1328 1283 eundem
1370 1225 1545 1284 etiam
1584 1224 1927 1284 sententiam
1962 1224 2163 1285 tulisse
2191 1225 2262 1284 de
2287 1230 2482 1285 statua
2508 1225 2753 1285 dicanda

520 1322 871 1396 adiungitur.
952 1324 1204 1395 itemque
1263 1339 1439 1381 unum
1496 1323 1816 1381 invenimus
1875 1322 2095 1397 Ephesi
2143 1321 2312 1397 (Leb.
2353 1324 2443 1382 HI
2483 1339 2538 1397 p.
2585 1325 2619 1382 7
2623 1323 2745 1400 34),

517 1421 859 1480 Antiochiae
912 1421 1081 1498 (Leb.
1124 1421 1215 1479 ΙΠ
1256 1422 1433 1491 2707,
1494 1421 1592 1478 ubi
1654 1426 1846 1480 autem
1908 1425 2137 1479 senatus
2187 1424 2438 1480 statuam
2487 1420 2744 1497 dicavit),

520 1517 769 1592 Cibyrae
822 1516 911 1593 (C.
955 1517 1002 1575 Ι.
1047 1517 1122 1578 G.
1164 1517 1256 1576 ΙΠ
1289 1518 1448 1577 4380
1462 1515 1524 1576 b²
1549 1516 1730 1590 add).
1809 1517 1937 1576 fieri
1978 1518 2154 1575 etiam
2194 1521 2438 1590 poterat,
2490 1522 2557 1577 ut
2596 1518 2749 1578 idem

517 1615 615 1674 ille
657 1614 844 1674 scriba
884 1614 999 1673 alio
1039 1629 1265 1686 quoque
1304 1612 1636 1688 fungeretur
1674 1614 2021 1688 magistratu
2047 1615 2140 1673 vel
2166 1614 2396 1688 publico
2422 1617 2516 1674 vel
2554 1632 2741 1682 sacroz

444 1702 451 1709 ’
519 1714 680 1773 velut
717 1711 1057 1785 Magnesiae
1099 1713 1167 1774 Τ.
1194 1712 1434 1771 Flavius
1473 1711 1702 1783 quidam
1741 1712 1969 1770 Nervae
2010 1715 2236 1770 statuae
2275 1713 2576 1784 ponendae
2615 1729 2745 1773 con-

515 1810 708 1883 suluit,
750 1811 847 1883 qui
886 1808 1143 1883 pontifex
1183 1809 1463 1868 maximus
1503 1808 1785 1881 simulque
1825 1809 2024 1882 populi
2064 1809 2256 1868 scriba
2291 1808 2424 1868 ‘erat
2465 1809 2557 1885 (Ο.
2592 1810 2642 1870 Ι.
2671 1810 2739 1870 G.

514 1909 575 1968 II
618 1908 820 1985 2911),
881 1925 1010 1967 cum
1056 1907 1275 1981 Ephesi
1315 1907 1661 1967 Messalinae
1703 1907 1783 1984 (ἲ)
1839 1911 2090 1967 statuam
2150 1907 2387 1984 scriba1)
2450 1907 2743 1966 collocan-

513 2008 642 2066 dam
683 2011 928 2079 curaret,
973 2006 1072 2077 qui
1109 2006 1246 2065 item
1287 2006 1587 2065 institutor
1626 2004 1873 2079 Augusti
1911 2005 2176 2063 ludorum
2214 2003 2404 2064 fuerat
2444 2002 2537 2081 (O.
2576 2005 2624 2064 Ι.
2663 2003 2744 2064 G.

511 2105 576 2164 Π
618 2105 861 2180 2961b).
946 2121 1061 2163 una
1120 2120 1256 2163 vero
1307 2120 1436 2162 cum
1483 2103 1615 2162 aliis
1664 2104 1911 2175 scribam
1952 2108 2285 2165 curatorem
2322 2102 2640 2162 invenimus
2676 2102 2739 2161 in

513 2202 575 2262 G.
619 2203 669 2262 Ι.
724 2204 795 2263 G.
836 2204 925 2261 111
967 2204 1125 2263 4830
1136 2201 1221 2261 b¹:
1284 2201 1368 2261 ibi
1428 2200 1579 2261 enim
1640 2200 1855 2260 archon
1915 2202 2101 2261 socius
2151 2202 2273 2260 eius
2311 2199 2488 2260 fuisse
2532 2200 2743 2260 dicitur

511 2301 594 2376 (p.
632 2299 752 2376 11).
827 2296 1116 2359 Trallibus
1160 2300 1402 2374 denique
1441 2298 1633 2358 scriba
1673 2315 1788 2357 una
1829 2315 1956 2356 cum
1995 2297 2323 2381 χρυσοφόρῳ
2364 2299 2465 2371 qui
2502 2304 2744 2358 vocatur

512 2399 659 2473 signi
699 2399 1018 2458 collocandi
1056 2414 1291 2458 munere
1329 2396 1555 2457 functus
1598 2402 1689 2456 est
1729 2395 1822 2471 (C.
1850 2397 1898 2456 Ι.
1940 2395 2013 2455 G.
2057 2397 2117 2455 H
2156 2397 2356 2472 2929).
2396 2395 2735 2476 χρυσοφόρος

512 2496 650 2569 quid
676 2497 882 2572 valeat,
926 2498 1228 2573 ignoratur
1242 2512 1265 2555 τ·
1296 2495 1629 2559 Boeckhius
1657 2495 1886 2569 quidem
1911 2510 2119 2555 nomen
2145 2494 2394 2555 muneris
2420 2512 2522 2556 seu
2547 2495 2739 2569 digni-

507 2596 649 2655 tatis
710 2612 832 2655 esse
893 2595 1209 2668 contendit3
1270 2594 1626 2669 probabilior
1685 2598 1877 2655 autem
1936 2594 2117 2653 multo
2168 2592 2541 2654 Hirschfeldii
2599 2593 2742 2652 mihi

498 2692 740 2760 ‚videtur
780 2694 1080 2766 sententia,
1144 2692 1242 2765 qui
1305 2708 1620 2766 cognomen
1667 2692 1777 2751 hoc
1818 2708 1940 2754 esse
1978 2691 2213 2765 iudicat,
2275 2695 2341 2749 ut
2401 2692 2591 2751 scriba
2628 2708 2744 2754 una

519 2807 649 2851 cnm
687 2787 911 2863 privato
950 2792 1060 2849 hoc
1102 2788 1349 2848 officium
1386 2789 1741 2862 praestitisse
1779 2789 2202 2862 intellegendus
2241 2790 2333 2848 sit.

677 2875 910 2961 praeter
948 2888 1056 2948 hos
1097 2886 1299 2946 deinde
1339 2887 1710 2959 magistratus
1749 2885 2036 2944 interdum
2065 2887 2240 2945 etiam
2266 2903 2363 2946 eos
2391 2886 2490 2959 qui
2516 2888 2738 2946 aerario

517 2988 835 3062 praepositi
877 2991 1046 3045 erant
1086 2988 1380 3044 curatores
1418 2983 1592 3043 fuisse
1634 2989 1956 3043 statuarum
1982 2984 2292 3043 memoriae
2320 2989 2409 3044 est
2433 2985 2742 3057 proditum.

517 3086 678 3145 velut
718 3085 962 3144 Athenis
988 3084 1048 3157 ii,
1093 3084 1192 3157 qui
1793 3083 1796 3088 ’

677 3181 728 3241 οἱ
776 3180 863 3239 ἐπὶ
909 3183 981 3259 τῇ
1030 3178 1330 3258 &emmim-22²)
1372 3180 1829 3254 appellabantur,
1893 3179 2027 3239 huic
2084 3180 2307 3239 muneri
2353 3180 2737 3255 praefuerunt,

513 3285 582 3339 ut
642 3284 888 3353 apparet
947 3296 1019 3338 ex
1057 3277 1123 3337 O.
1167 3279 1213 3337 Ι.
1256 3276 1332 3337 A.
1375 3278 1440 3337 Π
1480 3278 1595 3338 312
1647 3277 1818 3337 titulo
1868 3294 2017 3338 anno
2058 3294 2112 3338 a.
2156 3278 2292 3339 Chr.
2334 3279 2451 3339 283
2502 3284 2739 3339 exarato

515 3383 576 3439 et
616 3394 689 3436 ex
730 3376 792 3437 O.
823 3378 872 3438 Ι.
909 3378 981 3435 A.
1012 3376 1074 3435 Π
1115 3377 1245 3436 275·
1273 3376 1372 3448 qui
1413 3392 1484 3434 ex
1525 3390 1592 3434 eo
1634 3376 1897 3448 expletus
1938 3379 2042 3435 est.
2127 3380 2381 3436 ceterum
2420 3376 2734 3450 videantur,

513 3492 661 3550 quae
703 3475 774 3535 de
817 3476 882 3535 G.
926 3475 972 3533 Ι.
1015 3474 1092 3532 A.
1135 3474 1200 3533 Π
1239 3474 1350 3534 251
1396 3474 1566 3532 titulo
1606 3473 1725 3532 iam
1766 3478 1937 3533 antea
1976 3491 2033 3547 p.
2078 3474 2113 3533 8
2158 3474 2313 3533 dicta
2353 3480 2504 3536 sunt.

675 3575 746 3634 de
787 3574 1155 3650 quaestoribus
1194 3573 1334 3632 item
1372 3573 1489 3631 iam
1529 3589 1704 3645 supra
1745 3573 1986 3647 egimus3
2052 3589 2290 3645 cumque
2350 3588 2465 3631 non
2524 3588 2631 3645 per
2677 3587 2740 3631 se

655 3732 699 3801 ¹)
743 3733 847 3790 ‘vix
881 3733 990 3788 huc
1043 3730 1339 3792 referenda
1386 3732 1471 3787 est
1515 3729 1576 3788 G.
1611 3730 1655 3786 Ι.
1694 3729 1761 3788 G.
1796 3730 1851 3786 Π
1894 3729 2081 3786 293οὸ
2126 3729 2414 3800 inscriptio
2460 3728 2735 3785 Trallibus

513 3823 759 3893 reperta,
804 3822 904 3877 ubi
940 3820 1086 3876 filius
1125 3821 1242 3876 eius
1279 3820 1368 3876 cui
1395 3819 1579 3876 dicata
1598 3871 1605 3876 ,
1626 3820 1749 3875 erat
1796 3820 1983 3875 statua
2017 3820 2329 3891 ponendam
2354 3835 2475 3875 eam
2512 3818 2740 3887 curavit,

512 3911 610 3983 qui
644 3910 793 3966 idem
830 3910 1015 3965 scriba
1049 3909 1259 3980 populi,
1295 3911 1542 3977 senatus,
1578 3907 1832 3978 gerusiae
1869 3909 1999 3965 erat.

652 3998 820 4055 liceat
858 3998 1025 4053 etiam
1058 3996 1164 4053 hoc
1200 3996 1319 4053 loco
1343 3997 1807 4066 Pergamenorum
1843 3995 2040 4052 afferre
2065 3995 2452 4052 documentum
2476 3994 2565 4067 (G.
2598 3995 2641 4051 Ι.
2667 3993 2735 4053 G.

507 4088 562 4145 Π
585 4086 768 4157 3548),
803 4086 864 4142 in
902 4102 1013 4157 quo
1045 4087 1187 4143 filius
1226 4086 1442 4144 scribae
1477 4088 1721 4146 statuam
1757 4103 1985 4144 curasse
2022 4086 2223 4143 dicitur
2259 4104 2295 4143 a
2327 4088 2526 4143 senatu
2560 4101 2732 4157 popu-

506 4176 676 4249 loque
713 4175 965 4233 dicatam.

524 4305 528 4310 -
649 4265 696 4336 ²)
731 4266 800 4322 de
835 4282 1062 4323 numero
1099 4265 1316 4323 Gilbert
1351 4267 1466 4322 ant.
1503 4281 1557 4337 p.
1595 4263 1692 4323 Gr.
1729 4281 1783 4337 p.
1821 4265 1943 4321 233.
