3226 5078
1408 508 1829 572 ...12-

502 706 672 777 perto
716 703 898 779 (μουσ.
948 703 1122 772 1880,
1153 705 1286 773 140,
1334 704 1473 779 186)
1513 705 1653 763 item
1678 704 1741 762 in
1778 702 1891 761 fine
1932 703 2002 761 de
2028 702 2467 775 imperatoribus
2509 700 2722 775 agitur3

501 798 603 859 sed
624 816 759 858 num
785 799 896 859 hoc
920 815 1147 873 quoque
1172 801 1621 883 lococuratores
1646 800 1865 860 fuerint
1890 800 2039 874 signi
2064 798 2370 861 diiudicari
2394 799 2495 857 vix
2515 803 2725 872 potest.

502 899 739 970 praeter
764 894 1107 972 Pergamum
1146 903 1340 958 autem
1379 900 1578 958 urbem
1626 899 1688 956 in
1726 898 1869 957 Asia
1907 896 2206 971 provincia
2230 897 2500 970 Erythris
2541 896 2731 972 (μουσ.

507 997 677 1069 1875,
733 998 828 1067 97,
893 996 997 1072 95)
1047 1000 1107 1054 et
1155 997 1216 1055 in
1259 996 1402 1057 Chio
1450 997 1638 1056 insula
1687 996 1777 1072 (O.
1819 996 1867 1054 Ι.
1922 994 1991 1055 Gr.
2032 994 2113 1068 Π,
2166 993 2347 1069 2217)
2396 1010 2729 1053 commemo·

501 1098 734 1166 rantur;
776 1094 1023 1166 quinque
1051 1099 1244 1154 autem
1269 1095 1651 1169 imperatores
1692 1099 1913 1154 statuas
1940 1094 2150 1153 Severo
2191 1095 2251 1151 et
2277 1092 2467 1152 Juliae
2508 1092 2729 1151 dicatas

500 1191 721 1264 Ephesi
763 1190 1124 1250 collocandas
1153 1208 1386 1252 curasse
1411 1187 1746 1266 videntur,¹)
1787 1192 1837 1250 si
1863 1189 2092 1262 quidem
2131 1194 2290 1249 recte
2307 1230 2316 1239 .
2331 1189 2626 1263 inscriptio
2665 1190 2728 1247 in

500 1289 616 1348 vol.
660 1288 766 1361 ΠΙ,
830 1288 992 1348 1471)
1033 1289 1326 1361 publicata
1374 1306 1411 1348 a
1448 1289 1698 1349 Lebasio
1723 1334 1730 1343 .
1753 1290 1982 1362 expleta
2024 1292 2127 1347 est.
2200 1303 2371 1345 unum
2411 1287 2581 1346 modo
2620 1288 2728 1345 im-

500 1391 828 1460 peratorem
881 1387 1156 1460 Smyrnae
1216 1393 1510 1446 curantem
1570 1386 1827 1446 videmus
1888 1384 1979 1463 (G.
2030 1387 2077 1444 Ῑ.
2139 1384 2206 1446 G.
2263 1385 2344 1458 11,
2397 1385 2570 1454 3189,
2634 1385 2731 1456 qui

507 1482 594 1542 ἐπὶ
634 1485 743 1542 τῶν
787 1481 973 1542 ὅπλων
1015 1483 1309 1562 στρατηγός
1347 1484 1631 1560 vocatur),
1682 1499 1964 1542 summum
2002 1483 2175 1543 Eresi
2215 1483 2392 1560 (Bull.
2436 1481 2537 1556 IV,
2582 1480 2728 1557 442)

507 1586 568 1640 et
616 1581 679 1638 in
730 1579 873 1638 Chio
921 1580 1112 1639 insula
1160 1580 1249 1657 (Ο.
1301 1581 1352 1642 Ι.
1403 1580 1478 1641 G.
1528 1583 1588 1640 Π
1641 1582 1838 1655 2217).
1900 1582 1961 1641 in
1999 1580 2251 1641 Graecia
2300 1585 2496 1640 autem
2545 1579 2732 1638 tribus

507 1677 677 1739 modo
729 1677 1097 1737 inveniuntur
1144 1679 1313 1737 locis:
1376 1680 1439 1737 in
1485 1680 1715 1753 Aegina
1765 1679 1954 1738 insula
1994 1678 2205 1755 (Rang.
2258 1678 2419 1754 688),
2480 1678 2733 1751 Megaris

508 1774 635 1850 (ubi
674 1791 820 1834 unus
870 1781 1349 1837 commemoratur
1387 1778 1446 1834 in
1486 1775 1552 1836 C.
1595 1777 1644 1838 Ι.
1685 1776 1759 1836 G.
1801 1778 1832 1836 I
1878 1778 2031 1836 1074
2059 1810 2136 1819 —
2168 1776 2321 1835 1079
2353 1808 2427 1817 —
2469 1773 2612 1834 Leb.
2652 1772 2730 1845 Π,

508 1873 586 1932 46
611 1872 708 1949 c.)‚
762 1874 1022 1945 Taenari,
1073 1890 1188 1947 quo
1237 1875 1366 1933 loco
1415 1874 1963 1936 Eleutherolacones
2023 1878 2245 1933 statuas
2304 1872 2580 1944 quasdam
2628 1887 2731 1929 suo

507 1970 765 2044 ipsorum
804 1972 1138 2046 imperatori
1179 1972 1539 2032 collocandas
1579 1972 1958 2032 tradiderunt.

674 2070 901 2143 ephoros
941 2084 1182 2141 quoque,
1224 2069 1326 2128 sed
1365 2085 1479 2127 non
1505 2086 1694 2143 saepe,
1736 2070 1797 2127 in
1837 2069 2193 2128 doriensibus
2220 2066 2548 2127 civitatibus
2574 2084 2736 2128 cura-

511 2170 700 2223 torum
748 2182 980 2225 munere
1027 2164 1253 2225 functos
1302 2182 1426 2225 esse
1479 2171 1833 2240 compertum
1872 2166 2164 2239 habemus,
2214 2167 2373 2225 velut
2410 2165 2601 2238 Oetyli
2639 2164 2731 2242 (O.

511 2263 559 2322 Ῑ.
601 2260 671 2321 G.
715 2262 748 2320 Ι
793 2263 989 2340 1323),
1037 2263 1467 2323 Lacedaemone
1488 2262 1580 2341 (O.
1609 2265 1654 2323 I.
1688 2263 1758 2325 Gr.
1798 2264 1832 2326 I
1862 2265 2042 2330 1321;
2090 2264 2260 2337 1322,
2303 2262 2404 2322 ubi
2444 2280 2559 2322 una
2606 2279 2734 2322 cum

513 2360 586 2419 iis
627 2360 932 2433 epimeleta
969 2361 1070 2433 qui
1110 2366 1349 2420 vocatur
1373 2362 1481 2420 hoc
1520 2371 1724 2420 munus
1751 2363 2053 2420 exsecutus
2092 2360 2221 2437 est),
2271 2360 2521 2420 Taenari
2563 2360 2731 2436 (Leb.

511 2458 574 2516 H
617 2458 780 2534 261),
824 2458 925 2517 sed
966 2460 1268 2532 postremis
1306 2459 1475 2518 modo
1517 2465 1584 2517 ut
1623 2460 1855 2519 videtur
1900 2460 2311 2533 imperatorum
2350 2460 2735 2519 Romanorum

513 2557 884 2630 temporibus,
926 2559 1026 2630 qui
1052 2558 1114 2617 in
1153 2558 1358 2617 ultima
1396 2559 1768 2632 inscriptione
1794 2564 2268 2636 commemoratur
2307 2564 2590 2633 quaestor,
2635 2575 2732 2632 pe-

513 2656 710 2715 cunias
748 2655 917 2715 modo
960 2656 1308 2716 necessarias
1349 2639 1588 2716 solvisse
1629 2658 1872 2718 videtur.

667 2753 809 2811 locis
878 2752 1217 2825 quibusdam
1285 2754 1457 2813 etiam
1520 2755 1832 2829 epimeletae
1891 2756 2014 2830 (qui
2074 2759 2135 2813 et
2200 2754 2312 2827 ipsi
2366 2754 2738 2827 magistratus

509 2854 675 2907 erant
723 2850 967 2927 publici)
1019 2852 1224 2910 statuis
1274 2852 1563 2924 erigendis
1625 2853 2047 2913 consuluerunt.
2108 2857 2341 2926 praeter
2391 2868 2520 2911 eum
2566 2868 2733 2924 quem

508 2946 678 3005 modo
708 2946 1008 3007 attulimus
1033 2947 1282 3018 titulum,
1329 2948 1431 3007 ubi
1455 2964 1572 3007 una
1598 2965 1726 3007 cum
1754 2948 1986 3022 ephoris
2027 2949 2383 3022 epimeletam
2410 2955 2732 3008 curatorem

506 3044 768 3117 vidimus,
827 3044 939 3104 huc
980 3045 1269 3118 pertinent
1311 3046 1374 3107 G.
1416 3046 1466 3107 Ι.
1506 3047 1587 3104 Α,
1630 3047 1721 3106 ΠΙ
1762 3047 1878 3107 556
1920 3045 2237 3124 (Athenis),
2287 3046 2442 3105 Bull.
2481 3046 2577 3106 m
2621 3047 2729 3106 151

511 3175 587 3186 —
635 3142 749 3203 156
792 3174 866 3185 -
913 3144 1027 3203 158
1068 3143 1157 3219 (in
1181 3143 1330 3203 Delo
1370 3145 1608 3218 insula);
1651 3145 1980 3204 conferatur
2018 3144 2160 3204 Leb.
2197 3144 2289 3203 HI
2318 3144 2492 3206 2077.
2520 3145 2582 3202 in
2607 3144 2735 3203 aliis

511 3257 646 3300 vero
688 3240 1160 3313 inscriptionibus
1198 3241 1307 3301 hoc
1345 3258 1555 3302 nomen
1599 3258 1717 3301 non
1757 3242 1833 3301 ad
1872 3242 2272 3316 magistratum
2310 3242 2599 3316 pertinere
2638 3258 2734 3301 or·

513 3339 797 3398 dinarium
825 3337 925 3399 sed
952 3338 1151 3398 eodem
1170 3339 1341 3398 modo
1369 3344 1435 3398 ut
1475 3338 1895 3416 ἐπιμεληθέντες
1920 3339 2287 3413 participium
2316 3338 2388 3397 de
2413 3343 2734 3397 statuarum

514 3436 874 3497 curatoribus
934 3439 1270 3509 usurpatum
1332 3453 1454 3496 esse
1515 3442 1687 3496 antea
1745 3442 2248 3497 commemoratum
2308 3442 2397 3496 est
2457 3441 2517 3496 et
2563 3437 2733 3510 plane

514 3539 759 3609 apparet
799 3551 870 3593 ex
910 3534 1083 3593 titulo
1125 3533 1280 3594 Bull.
1321 3533 1379 3595 V
1404 3534 1541 3606 444,
1584 3534 1686 3594 ubi
1735 3533 1838 3593 ὑπὸ
1868 3534 2196 3613 ἐπιμελητὴν
2235 3534 2380 3593 nihil
2418 3533 2576 3593 aliud
2623 3533 2734 3592 nisi

509 3630 615 3690 ὑπὸ
659 3630 965 3708 ἐπιμέλειαν
1007 3632 1128 3691 sive
1170 3630 1591 3709 ἐπιμεληθέντος
1631 3631 1958 3705 significare
2006 3649 2172 3706 posse
2220 3630 2584 3692 manifestum
2626 3635 2730 3691 est.

515 3729 781 3787 videatur
822 3728 995 3787 etiam
1038 3728 1413 3800 CumanudeS,
1447 3727 1647 3806 Ἀθήν.
1688 3728 1761 3802 V„
1807 3732 1842 3789 9
1884 3745 2007 3802 sqq.

670 3841 785 3883 non
844 3840 978 3883 raro
1048 3826 1221 3884 etiam
1281 3829 1556 3885 senatores
1617 3826 1892 3898 quosdam
1951 3826 2027 3885 ad
2086 3821 2306 3886 statuas
2375 3826 2736 3886 collocandas

513 3925 728 3983 electos
769 3938 895 3982 esse
932 3927 1176 3997 constat,
1219 3923 1324 3982 sed
1349 3923 1444 3983 hic
1482 3940 1606 3982 mos
1631 3924 1809 3983 Asiae
1845 3922 1986 3984 fines
2025 3924 2297 3998 migrasse
2335 3940 2449 3983 non
2488 3925 2730 3983 videtur.

664 4135 708 4202 ¹)
746 4135 840 4206 qui
892 4134 1063 4192 iidem
1105 4135 1455 4208 rogationem
1506 4135 1751 4191 tulerant
1797 4134 1867 4191 de
1921 4133 2196 4205 erigendis
2250 4133 2335 4190 his
2380 4134 2572 4206 signis,
2626 4134 2725 4191 cfr.

513 4225 575 4284 G.
610 4224 656 4282 1.
694 4223 760 4283 G.
796 4223 868 4296 II,
906 4225 1047 4281 2947
1083 4254 1151 4266 -
1188 4224 1320 4281 Leb.
1358 4224 1430 4292 II,
1470 4223 1609 4278 116a
1645 4252 1713 4264 —
1753 4240 1897 4295 μουσ.
1936 4223 2093 4294 1876,
2133 4224 2254 4294 114,
2295 4227 2343 4277 1.
2469 4265 2480 4274 .
