3226 5078
1325 537 1427 563 ‘—
1523 520 1785 583 33-—

454 723 637 779 neque
679 709 997 768 simulacris
1035 710 1097 767 in
1136 710 1367 783 publico
1398 712 1535 770 loco
1578 711 1979 788 collocandis¹)'
2020 713 2123 772 scd
2161 713 2223 771 in
2262 713 2479 785 templo
2520 712 2688 771 modo

452 806 775 865 statuendis
815 807 1153 879 providisse.
1216 810 1370 880 quod
1410 815 1470 867 et
1509 827 1612 882 per
1652 828 1713 869 se
1755 816 2199 869 consentaneum
2228 817 2331 868 001.
2395 811 2495 869 sed
2531 811 2691 869 aliud

452 902 577 974 hoc,
621 904 830 963 statuis
873 919 973 964 cos
1017 892 1278 963 omuibus
1319 906 1381 963 in
1422 908 1635 980 templo
1666 907 2012 966 collocandis
2041 923 2270 980 operam
2298 906 2524 966 dedisse
2551 923 2689 966 cave

451 999 722 1073 colligas:
766 1001 913 1059 haec
954 1001 1104 1060 enim
1145 1001 1432 1060 sententia
1457 1002 1573 1061 iam
1602 1019 1674 1062 ca
1698 1020 1762 1062 re
1788 1002 2091 1073 refellitur,
2135 1003 2285 1075 quod
2311 1004 2476 1079 longe
2503 1005 2691 1063 maior

448 1098 509 1156 in
549 1100 783 1172 templis
824 1100 1164 1171 quibusdam
1214 1102 1510 1174 signorum
1551 1120 1822 1163 numerus
1865 1104 2063 1163 codem
2103 1104 2392 1163 interdum
2431 1108 2690 1175 tempore

449 1196 635 1271 (velut
683 1197 745 1254 in
793 1196 971 1272 ludis)
1023 1198 1245 1270 positus
1298 1203 1401 1271 est,
1467 1216 1640 1271 quam
1692 1206 1758 1258 ut
1806 1217 1952 1260 unus
1993 1202 2261 1260 sacerdos
2302 1200 2562 1259 omnibus
2601 1199 2692 1258 his

447 1294 623 1366 signis
675 1293 983 1367 providere
1033 1299 1227 1367 posset
1287 1297 1633 1356 statuendis:
1696 1298 1870 1357 immo
1933 1298 2006 1357 ab
2066 1298 2138 1356 iis
2198 1299 2533 1371 plerumque
2595 1296 2695 1367 qui

450 1390 788 1449 dicaverant
835 1392 996 1465 signa
1056 1393 1204 1468 (sive
1254 1410 1291 1451 a
1342 1394 1636 1466 republica
1687 1395 1807 1453 sive
1858 1411 1894 1453 a
1932 1394 2183 1470 privato)
2225 1394 2525 1453 constituti
2562 1398 2695 1452 sunt

452 1494 764 1562 curatores,
810 1490 907 1562 qui
946 1490 1285 1563 inspiciente
1324 1490 1574 1550 fortasse
1611 1493 1705 1551 vel
1731 1492 1921 1550 locum
1945 1492 2115 1550 modo
2144 1491 2476 1565 designante
2504 1507 2693 1550 sacer-

451 1584 586 1644 dote
627 1587 792 1660 signa
830 1588 890 1644 in
932 1588 1152 1660 templo
1192 1588 1633 1647 collocaverunt.
1721 1589 1873 1659 quod
1925 1589 2012 1647 ita
2060 1605 2122 1648 se
2162 1588 2376 1648 habere
2416 1587 2694 1662 gravibus

452 1684 628 1742 etiam
650 1685 1081 1743 demonstratur
1100 1686 1458 1759 testimoniiS,
1482 1702 1726 1758 quorum
1748 1686 2093 1746 mentionem
2113 1687 2230 1745 iam
2250 1690 2422 1745 antea
2439 1684 2693 1754 fecimuS‚

448 1797 576 1839 cum
590 1781 660 1839 de
681 1782 927 1855 publicis
952 1786 1010 1840 et
1027 1782 1269 1855 privatis
1289 1799 1591 1856 ageremus
1612 1783 1987 1843 curatoribus.
2013 1801 2141 1842 cum
2154 1784 2306 1842 enim
2315 1784 2695 1842 Athenienses

448 1878 734 1950 quondam
784 1879 858 1939 L.
901 1878 1158 1939 Caecilio
1199 1881 1437 1940 Metello
1486 1882 1548 1938 in
1596 1881 1749 1939 Paro
1802 1882 1989 1940 insula
2040 1881 2103 1939 111
2142 1880 2428 1953 Apollinis
2477 1880 2695 1952 templo

451 1981 703 2034 statuam
755 1976 981 2049 erigere
1036 1976 1441 2049 decrevissent,
1505 1976 1642 2035 huic
1692 1982 1754 2035 ct
1801 1975 2185 2050 perficiendae
2227 1980 2287 2034 et
2327 1974 2696 2034 collocandae

450 2074 771 2132 Protimum
811 2071 1215 2146 praefecerunt
1255 2073 1685 2151 epimeletam2).
1748 2075 1890 2133 item
1929 2075 2041 2133 huc
2080 2074 2387 2148 pertinent,
2430 2088 2576 2144 quae
2625 2072 2697 2130 de

353 2165 357 2168 ’
453 2174 777 2229 statuarum
805 2171 1170 2229 curatoribus
1197 2171 1312 2229 iam
1340 2169 1562 2248 antea⁸)
1591 2172 1856 2244 exposita
1884 2176 2033 2245 sunt,
2064 2172 2162 2243 qui
2190 2170 2371 2245 signis
2392 2169 2695 2228 Hadriano

451 2269 513 2325 in
554 2267 855 2341 Olympico
907 2268 1184 2340 ponendis
1235 2268 1660 2327 consuluerunt.
1743 2283 1925 2342 neque
1976 2268 2234 2341 privatos
2274 2268 2447 2327 aliter
2484 2268 2548 2324 in
2586 2267 2697 2324 hac

446 2381 513 2423 re
555 2382 617 2423 se
659 2366 900 2439 gessisse
955 2383 1026 2425 ex
1067 2365 1132 2425 G.
1177 2367 1224 2424 I.
1269 2366 1337 2429 G.
1381 2368 1411 2425 I
1455 2367 1569 2426 345
1610 2368 1784 2425 titulo
1836 2365 2215 2439 colligendum
2257 2370 2362 2425 est.
2445 2365 2697 2424 'Pheraei

450 2463 603 2521 enim
642 2468 764 2522 tres
806 2462 961 2523 cives
1005 2480 1135 2522 cum
1176 2463 1477 2522 Hadriano
1518 2468 1771 2523 statuam
1810 2465 1872 2522 in
1907 2464 2204 2538 Olympico
2245 2479 2458 2537 ponere
2487 2462 2694 2520 consti-

448 2562 714 2631 tuissent,
755 2561 1093 2621 collocando
1131 2563 1268 2622 huic
1308 2563 1471 2636 signo
1512 2568 1740 2635 patrem
1780 2579 1944 2622 suum
1984 2561 2400 2635 praefecerunt.

609 2878 774 2950 Quod
813 2879 864 2938 si
904 2879 967 2938 in
1007 2878 1121 2938 fine
1162 2880 1362 2953 paucis
1403 2880 1857 2953 complectimur,
1901 2896 2049 2952 quae
2091 2879 2162 2939 de
2177 2936 2186 2942 ,
2204 2878 2562 2938 curatoribus
2600 2894 2694 2936 ex-

446 2975 758 3048 posuimus,
821 2977 1234 3051 rempublicam
1296 2976 1526 3049 quidem
1586 2977 1673 3035 ita
1728 2977 1938 3037 statuis
1988 2976 2307 3050 providisse
2348 2975 2695 3035 collocandis

447 3072 708 3146 vidimus,
764 3079 832 3131 ut
880 3090 998 3133 non
1046 3090 1181 3132 raro
1237 3074 1313 3133 ad
1353 3075 1724 3149 magistratus
1765 3090 2011 3133 summos
2051 3073 2500 3133 nobilissimosvc
2542 3073 2696 3132 cives

445 3171 557 3230 1100
583 3187 789 3230 munus
828 3170 1091 3231 deferret.
1171 3173 1352 3231 multo
1379 3177 1571 3232 autem
1598 3172 1826 3245 saepius
1853 3177 1913 3230 et
1940 3171 2268 3244 saepissime
2297 3169 2695 3229 corruentibus

446 3267 728 3327 Graeciae
788 3269 959 3328 rebus
1011 3286 1048 3327 a
1098 3269 1356 3343 cognatis
1416 3270 1512 3328 vel
1561 3268 1763 3327 amicis
1812 3268 2083 3328 honorati
2133 3284 2330 3326 curam
2369 3283 2484 3326 non
2524 3266 2692 3326 modo

446 3364 600 3437 signi
649 3365 909 3438 erigendi
960 3366 1064 3425 sed
1120 3371 1381 3440 sumptus
1444 3367 1674 3425 omnino
1723 3366 2018 3425 universos
2079 3370 2373 3438 susceptos
2422 3380 2546 3424 csse
2596 3364 2691 3423 de-

455 3464 908 3537 monstravimuS,
953 3464 1106 3523 unde
1148 3465 1219 3522 ab
1262 3463 1382 3522 illis
1408 3463 1551 3537 ipsis
1578 3464 1673 3521 vel
1698 3463 2061 3536 rogationem
2089 3467 2315 3520 statuae
2342 3460 2694 3520 dedicandae

447 3558 629 3618 latam
670 3576 794 3619 esse
835 3560 1106 3635 colligere
1146 3561 1273 3620 ausi
1312 3561 1503 3620 simus.
1589 3559 1703 3636 duo
1731 3564 1924 3617 autem
1950 3558 2122 3617 modo
2150 3558 2406 3617 invenire
2434 3558 2696 3630 exempla

447 3657 707 3730 contigit,
772 3674 843 3717 cx
883 3659 1092 3732 quibus
1132 3659 1225 3719 vel
1276 3674 1409 3717 eum
1458 3659 1647 3731 ipsum
1697 3657 1792 3716 cui
1834 3656 2069 3716 decreta
2117 3659 2246 3714 erat
2286 3659 2478 3715 statua
2519 3655 2691 3715 ctiam

586 3868 632 3938 ι)
668 3869 788 3924 tum
823 3868 987 3925 modo
1023 3868 1133 3923 1100
1169 3866 1408 3923 officium
1445 3866 1518 3922 ad
1554 3882 1648 3922 eos
1673 3863 1920 3922 delatum
1944 3881 2067 3921 esse
2091 3864 2334 3934 videtur,
2372 3880 2502 3921 cum
2524 3863 2691 3920 iidem

446 3956 668 4026 publico
723 3956 968 4026 (Schom.
1023 3955 1204 4012 altert.
1259 3954 1313 4010 ΙΙ
1357 3956 1486 4023 412)
1542 3955 1709 4010 simul
1761 3956 2083 4023 praeessent
2137 3954 2378 4023 muneri,
2436 3952 2580 4009 Βο11.
2637 3951 2691 4007 II

442 4060 496 4113 p·
535 4044 945 4206 52ἳῗ”ιξ.ὓήναιον
982 4130 1046 4202 V,
1083 4132 1136 4188 9.

583 4220 628 4291 ⁸)
666 4220 780 4278 vid.
814 4237 871 4292 p.
907 4222 995 4278 23.
