3226 5078
480 1436 838 1560 Nemodum
898 1493 973 1552 ad
1021 1488 1219 1557 nostra
1269 1499 1533 1566 tempora
1584 1494 1655 1553 de
1698 1499 2014 1554 statuarum
2064 1495 2216 1580 apud
2259 1496 2507 1556 Graecos
2546 1513 2687 1556 cura

477 1610 752 1667 quaerere
793 1608 1003 1667 operae
1041 1591 1314 1650 iudicavit
1361 1591 1623 1665 pretium.
1712 1609 1817 1652 nec
1856 1610 1988 1652 casu
2029 1591 2270 1653 fortasse
2317 1594 2426 1653 hoc
2473 1594 2684 1653 factum

478 1700 595 1767 est3
641 1693 917 1766 pleraque
960 1691 1129 1759 enim,
1172 1707 1317 1762 quae
1359 1690 1430 1749 de
1468 1691 1577 1750 hac
1619 1707 1758 1750 cura
1796 1692 2102 1750 memoriae
2150 1696 2283 1750 sunt
2322 1692 2569 1765 prodita,
2625 1692 2686 1750 in

480 1790 949 1864 inscriptionibus
988 1789 1189 1857 latent,
1233 1793 1293 1847 et
1331 1789 1393 1846 in
1431 1789 1535 1847 has
1587 1805 1661 1847 nc
1695 1789 2012 1862 inquireret
2050 1790 2241 1851 nescio
2292 1806 2366 1849 an
2413 1807 2576 1849 nemo
2618 1807 2687 1849 ea

477 1907 539 1948 re
583 1889 894 1949 deterritus
934 1888 1027 1955 sit,
1091 1886 1243 1959 quod
1304 1886 1514 1945 cotidie
1575 1886 1701 1946 fere
1750 1888 1886 1946 novi
1933 1887 2296 1960 reperiuntur
2355 1888 2527 1956 tituli,
2590 1889 2687 1960 qui

476 1988 729 2059 aliquam
782 1985 920 2043 huic
988 1984 1311 2055 quaestioni
1380 1982 1625 2043 afferunt
1693 1985 2009 2045 materiam.
2112 1985 2475 2044 nihilominus
2540 1986 2686 2044 hanc

478 2083 871 2154 quaestionem
932 2081 1232 2139 instituere
1281 2096 1394 2139 non
1447 2081 1718 2155 dubitavi,
1772 2083 1906 2156 quia
1954 2082 2047 2142 vel
2095 2099 2245 2141 nunc
2292 2082 2527 2156 plurimi
2565 2084 2686 2142 sino

480 2179 654 2237 dubio
707 2178 869 2237 nobis
919 2178 1041 2236 noti
1081 2183 1214 2236 sunt
1272 2178 1446 2252 tituli,
1512 2183 1575 2237 ut
1632 2179 1694 2237 in
1752 2178 2079 2239 universum
2137 2185 2297 2239 recte
2347 2180 2418 2239 de
2464 2183 2573 2240 hac
2619 2198 2685 2240 re

477 2277 736 2335 iudicare
784 2276 976 2348 liceat,
1030 2276 1288 2348 quamvis
1346 2278 1571 2352 singula
1630 2278 1790 2337 novis
1839 2279 2304 2352 inscriptionibus
2352 2285 2453 2337 aut
2499 2276 2686 2338 refelli

478 2379 579 2434 aut
619 2375 821 2448 augeri
861 2375 1098 2448 possint.

639 2473 778 2532 duas
818 2478 1013 2532 autem
1051 2472 1113 2531 in
1139 2478 1330 2547 partes
1357 2479 1537 2534 totam
1564 2475 1713 2533 hanc
1740 2475 2126 2547 quaestionem
2153 2490 2279 2533 esse
2308 2473 2683 2544 dividendam,

478 2572 676 2631 statim
717 2572 926 2632 elucet:
990 2573 1051 2629 in
1103 2572 1284 2645 priori
1324 2573 1473 2631 enim
1522 2572 1621 2643 qui
1662 2573 1865 2631 statuis
1905 2576 1964 2630 et
2012 2570 2373 2645 perficiendis
2416 2576 2474 2629 et
2514 2573 2684 2631 collo-

477 2670 675 2729 candis
723 2669 1076 2743 providerint
1118 2669 1354 2743 Graeci,
1420 2670 1698 2743 quomodo
1760 2669 2154 2729 conservandis
2216 2671 2307 2729 vel
2367 2668 2688 2729 reficiendis

477 2767 865 2827 consuluerint
903 2767 994 2825 his
1034 2767 1213 2840 signis
1252 2767 1315 2824 in
1352 2768 1538 2826 altera
1576 2766 1958 2840 quaerendum
1997 2765 2123 2826 erit.
