3226 5078
1452 502 1878 565 ...23-

1644 731 1716 789 ΙΙ.

718 853 877 911 Satis
919 854 1163 912 diximus
1207 855 1278 912 de
1319 853 1561 926 publicis
1592 853 1974 914 curatoribus:
2019 854 2390 927 pervenimus
2419 854 2493 913 ad
2529 855 2786 928 privatos.

566 967 633 1009 ac
660 951 904 1023 primum
931 951 1157 1024 quidem
1185 951 1430 1024 collegia
1456 953 1551 1010 vel
1577 952 1725 1011 aliae
1755 953 2057 1012 societates
2085 953 2147 1011 in
2178 970 2247 1010 ea
2276 969 2341 1010 re
2374 951 2512 1023 quid
2542 952 2784 1024 egerint,

562 1049 872 1110 videamus.
954 1054 1072 1108 tres
1132 1051 1246 1108 iam
1296 1055 1468 1108 antea
1522 1051 2089 1109 commemoravimus
2140 1049 2343 1108 titulos
2394 1049 2667 1122 publicOS‚
2731 1051 2790 1107 in

563 1145 767 1218 quibus
826 1164 863 1205 a
921 1147 1077 1205 tribu
1137 1151 1357 1205 statuas
1408 1165 1529 1207 esse
1584 1149 1893 1206 coUocatas
1945 1148 2158 1206 dictum
2210 1153 2355 1207 erat.
2437 1148 2546 1205 1100
2597 1151 2789 1205 autem

560 1244 684 1301 1000
725 1244 1019 1324 inscriptio
1061 1244 1333 1318 Ancyrae
1375 1252 1607 1318 reperta
1649 1245 1741 1321 (G.
1783 1246 1830 1304 Ι.
1864 1246 1930 1306 G.
1980 1247 2073 1305 III
2115 1246 2303 1321 4032)
2331 1244 2638 1304 referenda
2668 1260 2789 1304 esse

562 1342 816 1400 videtur:
860 1343 919 1400 in
961 1359 1029 1400 ea
1069 1343 1222 1401 enim
1261 1361 1373 1403 non
1435 1363 1471 1404 a
1522 1345 1820 1417 republica
1869 1344 1969 1403 sed
2019 1361 2054 1403 a
2102 1344 2257 1402 tribu
2300 1348 2504 1402 octava
2544 1341 2791 1401 Claudia

562 1440 801 1498 Aurelia
840 1440 1105 1500 Philotae
1146 1441 1398 1501 dicatam
1439 1459 1563 1501 esse
1604 1446 1854 1500 statuam
1895 1441 2156 1514 legimus.
2241 1442 2309 1500 de
2360 1441 2641 1500 curatoris
2690 1456 2791 1498 no-

565 1539 715 1597 mine
756 1538 915 1597 nulla
954 1539 1064 1598 nisi
1105 1541 1162 1598 K
1200 1541 1403 1599 littera
1443 1545 1671 1599 servata
1721 1544 1824 1609 est,
1889 1557 2072 1614 neque
2133 1541 2390 1612 interest,
2457 1555 2664 1597 nomen
2713 1555 2788 1599 an

566 1634 887 1694 Cassander
926 1653 1000 1694 an
1042 1637 1198 1695 aliud
1239 1637 1434 1696 fuerit:
1481 1636 1733 1696 efficitur
1774 1642 1981 1709 autem,
2037 1655 2212 1696 unum
2254 1639 2624 1697 constitutum
2666 1653 2788 1695 esse

572 1737 909 1807 curatorem,
955 1735 1054 1807 qui
1093 1735 1231 1806 quin
1272 1753 1309 1793 a
1352 1736 1507 1793 tribu
1551 1735 1766 1794 electus
1794 1736 1871 1794 sit
1899 1736 2162 1794 dubitare
2190 1736 2485 1794 nonlicet.
2540 1734 2790 1794 forsitan

572 1831 685 1889 huc
712 1848 931 1903 quoque
958 1834 1246 1906 pertineat
1271 1834 1477 1892 titulus
1503 1833 1758 1893 Aezanis
1787 1834 1921 1893 011111
1948 1834 2260 1893 collocatus
2288 1833 2458 1910 (Leb.
2494 1833 2588 1892 III
2622 1830 2784 1906 880),

573 1944 644 1986 ex
684 1945 796 2001 quo
847 1935 1096 1990 statuam
1145 1932 1467 2005 ponendam
1517 1932 1895 2006 phylarchum
1946 1933 2029 2008 (h.
2092 1948 2142 1990 e.
2205 1932 2518 2005 principem
2579 1930 2789 2006 tribus)

568 2041 797 2084 curasse
839 2026 1104 2086 discimus
1146 2032 1206 2086 et
1255 2029 1430 2087 alium
1482 2029 1765 2100 quendam
1814 2030 2098 2088 hominem
2139 2029 2419 2102 ignotum:
2463 2030 2601 2101 quia
2640 2028 2787 2102 phy-

568 2122 799 2191 larchus
841 2129 1020 2197 curat,
1066 2141 1103 2182 a
1141 2126 1297 2183 tribu
1338 2131 1590 2184 statuam
1633 2126 1953 2185 dedicatam
1996 2143 2118 2185 esse
2160 2126 2490 2195 0001000110,
2574 2126 2674 2185 0οᾱ
2716 2142 2787 2184 110

572 2222 682 2279 hoc
709 2222 937 2294 quidem
963 2240 1068 2296 pro
1098 2227 1254 2285 certo
1281 2227 1473 2296 potest
1499 2222 1789 2297 affirmari,
1836 2228 2028 2282 utrum
2065 2224 2297 2298 publica
2321 2225 2466 2283 haec
2492 2224 2785 2296 inscriptio

565 2335 638 2376 an
677 2319 907 2392 privata
948 2321 1041 2393 sit,
1085 2321 1222 2392 quia
1261 2338 1407 2392 quae
1448 2321 1667 2395 scripta
1707 2328 1874 2380 erant
1920 2322 1981 2379 111
2030 2321 2196 2379 initio
2239 2322 2430 2380 omnia
2469 2322 2783 2394 perierunt.

667 2477 672 2483 ,
725 2418 932 2477 (10111ᾰο
974 2419 1046 2478 (10
1088 2419 1289 2477 Liberi
1329 2418 1611 2478 artificum
1654 2419 1893 2492 collegio
1922 2420 2305 2491 quaerendum
2332 2423 2434 2478 est.
2518 2419 2617 2490 qui
2658 2436 2786 2477 cum

564 2513 866 2576 Nicomedi
891 2517 1175 2590 quondam
1203 2517 1301 2591 qui
1329 2517 1497 2577 valde
1523 2517 1596 2577 iis
1623 2518 1857 2577 favebat
1884 2517 2005 2591 regi
2040 2521 2289 2577 statuam
2330 2517 2729 2589 decrevissent,
2737 2516 2784 2594 ¹)

567 2615 896 2674 collocando
923 2615 1057 2674 huic
1085 2615 1244 2689 signo
1272 2616 1557 2674 Zenonem
1583 2615 2003 2689 praefecerunt,
2054 2616 2154 2688 qui
2203 2632 2347 2674 unus
2387 2633 2461 2674 ex
2498 2617 2569 2675 iis
2609 2615 2785 2676 fuisse

566 2712 796 2771 videtur
824 2729 1104 2783 quemque
1143 2717 1202 2771 et
1238 2713 1428 2785 ipsum
1466 2714 1648 2772 multa
1682 2713 1742 2771 in
1781 2730 1879 2773 eos
1919 2714 2227 2776 contulisse
2255 2712 2530 2773 beneficia
2557 2713 2787 2772 aliunde

569 2814 922 2883 compertum
947 2809 1239 2868 habemus.
1323 2811 1498 2868 etiam
1524 2811 1793 2883 Philippo
1820 2812 2087 2870 ludorum
2113 2810 2447 2883 institutori,
2491 2812 2592 2883 qui
2632 2811 2786 2869 idem

565 2924 601 2965 a
647 2904 1016 2982 rationibus²)
1079 2906 1312 2979 collegii
1372 2913 1516 2980 erat,
1581 2912 1833 2965 statuam
1884 2907 2293 2967 dedicaverunt
2341 2909 2508 2981 eique
2564 2908 2787 2966 muneri

565 3005 707 3076 duos
749 3010 1044 3064 curatores
1085 3004 1487 3078 praefecerunt
1540 3004 1634 3080 (O.
1687 3006 1731 3063 1.
1786 3005 1858 3064 G.
1910 3006 1972 3064 H
2022 3006 2225 3083 2933).
2310 3023 2381 3066 ex
2430 3005 2542 3065 alio
2592 3012 2785 3065 autem

567 3103 736 3160 titulo
779 3102 1052 3176 Smyrnae
1093 3106 1331 3160 exarato
1375 3101 1466 3177 (G.
1509 3102 1556 3160 I.
1605 3103 1674 3163 G.
1704 3103 1762 3161 II
1808 3103 1989 3179 3190)
2029 3109 2255 3163 statuae
2280 3104 2327 3163 J
2326 3106 2518 3163 uliano
2560 3104 2786 3163 cuidam

570 3200 834 3259 decretae
858 3199 1248 3259 Phoebionem
1275 3200 1514 3259 Paulum
1541 3200 1894 3260 consuluisse
1921 3203 2314 3275 comperimus.
2389 3203 2450 3260 hi
2492 3208 2785 3261 curatores

570 3298 668 3378 qui
707 3296 922 3356 fuerint
961 3314 1301 3369 quamquam
1341 3298 1401 3355 in
1441 3303 1646 3357 neutro
1689 3299 1859 3372 titulo
1900 3301 2070 3373 plane
2110 3299 2340 3374 legitur,
2383 3306 2576 3359 tamen
2616 3301 2784 3359 huius

568 3397 793 3470 collegii
832 3397 1015 3455 socios
1056 3413 1153 3456 eos
1193 3395 1369 3456 fuisse
1409 3397 1506 3454 vix
1546 3397 1845 3470 quisquam
1886 3398 2197 3472 negaverit.
2279 3399 2556 3471 pecuniae
2592 3403 2784 3455 autem

567 3494 640 3553 ad
681 3496 902 3568 signum
942 3494 1337 3554 collocandum
1386 3496 1739 3555 necessariae
1788 3512 1824 3554 a
1876 3501 2178 3568 quaestore
2230 3496 2352 3554 sine
2404 3495 2576 3554 dubio
2620 3511 2781 3554 cura-

569 3593 792 3652 toribus
818 3593 1072 3652 tributae
1099 3598 1250 3667 sunt,
1282 3609 1424 3665 quos
1452 3593 1708 3667 perfecto
1746 3592 1933 3653 officio
1961 3594 2203 3668 legistae
2230 3594 2512 3653 rationem
2539 3592 2781 3652 reddere

563 3687 930 3766 oportebat.⁸)
1538 3750 1542 3754 ,

723 3789 1073 3862 epheborum
1114 3789 1422 3847 atticorum
1473 3806 1588 3848 una
1639 3788 1805 3847 modo
1856 3788 2025 3848 huius
2064 3790 2286 3862 generis
2326 3787 2625 3861 inscriptio
2667 3804 2784 3847 ser·

563 3879 699 3945 vata
749 3892 837 3945 est
889 3885 975 3961 (G.
1031 3887 1076 3944 Ι.
1134 3888 1204 3946 G.
1255 3887 1289 3945 I
1340 3887 1505 3962 263).
1587 3890 1648 3945 et
1687 3890 1881 3945 statua
1921 3887 2149 3959 quidem
2189 3885 2522 3944 Abascanto
2564 3885 2781 3944 dicata:
2853 3906 2861 3916 ·

702 4044 720 4077 1

700 4047 749 4203 ’ζ
781 4043 1450 4207 ξιξνῗέτξῆὶ,1ὶὲ1ῗ·ιίίᾱο10,
1489 4132 1578 4188 die
1615 4132 2021 4205 Dionysischen
2059 4130 2326 4188 Kiinstler
2359 4147 2414 4203 p.
2453 4133 2574 4189 144.

697 4224 745 4295 ⁸)
781 4224 876 4282 cfr.
914 4243 968 4297 p.
1007 4224 1058 4281 8.
