3226 5078
1362 511 1616 607 -*51
1717 548 1804 559 -

474 713 676 766 contra
713 703 1081 765 Athenarum
1119 708 1180 765 in
1221 723 1353 767 arce
1394 706 1667 766 eminenti
1706 707 1929 767 scilicet
1969 714 2143 781 atque
2170 725 2373 768 saxoso
2400 710 2530 768 loco
2558 709 2704 768 ebur

476 821 548 863 ex
587 820 699 876 quo
741 803 957 862 factum
999 808 1127 863 erat
1165 803 1466 862 Minervae
1507 804 1735 877 signum
1773 820 1886 863 non
1925 805 2054 864 oleo
2094 805 2196 864 sed
2235 803 2421 878 aquae
2461 822 2701 880 aspersu

476 917 513 961 a
542 901 690 960 ‘sicci
734 901 849 960 loci
890 901 1262 960 incommodis
1303 902 1658 961 servabatur.
1716 902 1998 975 Epidauri
2038 908 2230 962 autem
2271 904 2433 962 nulla
2474 905 2700 964 omnino

471 1015 611 1058 cura
651 1016 793 1072 opus
835 1005 985 1058 erat:
1048 998 1362 1071 Aesculapi
1404 999 1555 1058 enim
1605 1000 1971 1059 simulacrum
2020 1006 2197 1072 puteo
2247 1000 2330 1059 ibi
2370 1001 2700 1074 impositum

478 1101 606 1154 erat
644 1100 818 1167 atque
857 1096 945 1153 ita
982 1095 1222 1154 humore
1263 1112 1334 1156 ex
1374 1112 1525 1169 aqua
1602 1096 1973 1169 proveniente
2014 1102 2216 1157 contra
2256 1098 2394 1158 solis
2434 1100 2699 1160 ardorem

474 1194 616 1253 satis
656 1194 1120 1252 conservabatur.
1136 1193 1182 1269 ²)
1263 1193 1418 1252 idem
1467 1194 1588 1253 fere
1627 1194 1900 1277 Pellenae
1952 1195 2164 1255 accidit
2172 1193 2239 1270 ²),
2282 1196 2382 1254 ubi
2429 1197 2535 1255 sub
2576 1197 2700 1257 basi

473 1274 768 1350 Minervae
829 1290 1121 1349 simulacri
1182 1307 1253 1349 ex
1313 1307 1454 1349 auro
1505 1296 1564 1349 et
1606 1293 1909 1365 elephante
1949 1293 2251 1365 compositi
2290 1293 2534 1367 adytum
2576 1311 2701 1355 esse

474 1394 642 1460 atque
701 1404 772 1446 ex
833 1404 902 1447 eo
953 1384 1219 1446 humidus
1268 1385 1457 1446 efflari
1513 1388 1728 1448 halitus
1768 1388 2085 1459 ferebatur,
2139 1390 2238 1463 qui
2277 1389 2442 1450 ebori
2487 1392 2698 1451 tuendo

476 1485 817 1558 peridoneus
857 1490 1023 1545 esset.

632 1582 833 1655 quibus
892 1582 1063 1641 rebus
1124 1583 1455 1656 praemissis
1514 1584 1629 1642 iam
1681 1584 1777 1656 qui
1827 1583 2086 1643 homines
2127 1584 2333 1644 statuis
2375 1588 2697 1660 praepositi

480 1679 595 1737 sint
635 1681 1033 1739 conservandis
1072 1681 1390 1755 videamus3
1435 1681 1795 1753 primumque
1839 1680 1910 1741 de
1950 1698 2081 1740 cura
2119 1683 2331 1755 publica
2370 1700 2517 1756 quae
2559 1701 2697 1757 pro-

484 1776 607 1835 dita
645 1783 777 1836 sunt
814 1779 1122 1838 memoriae
1162 1795 1499 1851 percensere
1525 1779 1704 1838 iuvat.
1761 1779 2015 1837 Philitae
2042 1780 2270 1851 quidem
2298 1782 2697 1854 tyrannicidae

477 1879 725 1933 statuam
772 1892 809 1935 a
855 1877 1117 1949 patriciis
1163 1877 1378 1935 laesam
1425 1875 1793 1935 reficiendam
1844 1877 2043 1934 statim
2094 1893 2322 1937 curasse
2365 1878 2536 1938 Chios
2576 1881 2695 1938 iam

483 1987 652 2043 supra
689 1973 932 2033 vidimus
975 1973 1055 2049 (p.
1100 1973 1223 2048 43).
1305 1973 1407 2032 sed
1448 1974 1557 2031 hac
1596 1989 1662 2031 re
1700 1973 1929 2033 minime
1970 1979 2137 2032 erant
2177 1976 2456 2035 contenti:
2502 1976 2695 2035 decre-

482 2073 682 2125 verunt
720 2071 864 2127 enim
902 2076 1232 2143 praeterea,
1286 2075 1354 2129 ut
1402 2069 1662 2129 viderent
1700 2070 1916 2130 aediles
1958 2070 2351 2148 (ἀγορανόμοι),
2391 2079 2457 2131 ut
2499 2079 2697 2133 statua

484 2165 545 2221 in
582 2170 863 2237 posterum
903 2167 1194 2242 ferrugine
1234 2169 1643 2227 emundaretur
1682 2169 1891 2244 (aenea
1940 2169 2124 2242 igitur
2164 2176 2292 2229 erat
2329 2171 2456 2230 sine
2497 2172 2694 2249 dubio)

483 2267 542 2320 et
577 2263 635 2320 in
679 2264 1004 2325 interluniis
1044 2282 1158 2325 non
1195 2266 1364 2325 modo
1406 2265 1509 2325 sed
1549 2266 1723 2325 etiam
1763 2267 1823 2323 in
1864 2267 2069 2326 ceteris
2109 2267 2310 2327 diebus
2335 2267 2499 2328 festis
2527 2287 2693 2330 orna-

478 2364 661 2433 retur,
716 2379 843 2420 cum
893 2369 1152 2437 sumptus
1201 2380 1397 2423 omnes
1446 2365 1546 2423 uni
1596 2380 1666 2422 ex
1719 2363 1990 2423 aedilium
2040 2379 2275 2423 numero
2315 2382 2353 2424 a
2392 2373 2693 2437 quaestore

480 2457 850 2520 solverentur.
932 2463 1271 2536 purgandae
1333 2468 1525 2522 autem
1584 2463 1646 2519 in
1705 2467 1994 2535 posterum
2033 2464 2257 2521 statuae
2299 2463 2515 2525 aediles
2556 2480 2689 2523 con-

477 2556 664 2616 sulere
703 2558 982 2633 iubentur,
1027 2562 1151 2620 sine
1192 2561 1366 2620 dubio
1403 2561 1539 2633 quia
1563 2561 1625 2618 in
1651 2558 1773 2619 foro
1801 2564 1996 2619 statua
2022 2565 2150 2619 erat
2177 2564 2391 2620 erecta:
2436 2562 2690 2634 tyranni-

478 2653 730 2711 cidarum
771 2657 922 2715 enim
971 2659 1151 2732 signis
1189 2660 1341 2718 hunc
1380 2660 1566 2717 locum
1605 2662 1908 2730 tantopere
1934 2658 2355 2731 frequentatum
2383 2659 2691 2731 praecipue

475 2752 775 2812 convenire
815 2754 1115 2815 Harmodii
1156 2760 1216 2815 et
1254 2755 1671 2828 Aristogitonis
1713 2755 1882 2814 docet
1922 2755 2262 2827 exemplum.

629 2851 866 2920 accedit,
908 2853 1061 2927 quod
1102 2870 1175 2911 ex
1214 2853 1329 2911 alio
1370 2868 1593 2925 quoque
1634 2853 1960 2912 testimonio
2000 2853 2130 2912 luce
2169 2853 2382 2912 clarius
2418 2852 2688 2925 efficitur,

474 2962 568 3005 eos
628 2950 727 3021 qui
785 2950 912 3009 loco
968 2951 1192 3009 cuidam
1252 2951 1410 3009 urbis
1469 2950 1786 3023 praepositi
1847 2956 2012 3009 erant
2060 2951 2427 3024 magistratus
2481 2950 2688 3011 statuis

470 3061 690 3117 quoque
742 3046 843 3105 illo
896 3048 1020 3120 ipso
1072 3047 1199 3106 loco
1252 3046 1547 3106 collocatis
1588 3046 1893 3118 providere
1936 3046 2216 3105 debuisse.
2299 3052 2498 3134 narrat
2539 3049 2687 3106 enim

468 3140 720 3219 Cicero³)
762 3160 799 3203 a
837 3145 1020 3204 Verre
1047 3145 1329 3204 Mercurii
1368 3145 1737 3203 simulacrum
1776 3160 1849 3204 ex
1878 3144 2161 3217 Tyndaris
2200 3145 2358 3204 urbis
2383 3146 2687 3219 gymnasio

470 3240 796 3299 Messanam
857 3243 1198 3301 translatum
1247 3259 1395 3315 esse,
1451 3241 1869 3301 demoliendum
1919 3247 2112 3300 autem
2151 3242 2262 3300 hoc
2302 3243 2527 3315 signum
2566 3244 2687 3302 De-

466 3338 732 3397 metrium
782 3354 1011 3399 curasse
1061 3338 1585 3411 gymnasiam-chum,
1642 3337 1795 3410 quod
1845 3338 1895 3396 is
1925 3339 1992 3396 ei
2031 3339 2156 3398 loco
2196 3346 2482 3412 praeerat.
2563 3345 2684 3399 sta-

464 3435 579 3493 tuis
638 3435 823 3508 igitur
878 3435 940 3492 in
1000 3435 1229 3493 theatro
1290 3435 1489 3508 positis
1538 3433 1882 3512 θεατρώνης,
1933 3439 2007 3493 'in
2057 3445 2339 3509 prytaneo
2394 3437 2684 3497 collocatis

468 3531 853 3612 ἀρχιπρύτανις
883 3535 991 3590 etc.
1035 3533 1334 3591 consulere
1375 3532 1655 3592 debuerit.

622 3631 811 3689 Rhodi
851 3629 1057 3690 deinde
1098 3630 1255 3689 urbis
1296 3630 1631 3703 imperatori
1671 3630 1720 3688 si
1761 3634 2008 3688 statuam
2070 3646 2521 3703 unamquamque
2567 3632 2681 3690 alio

461 3729 684 3788 nomine
745 3728 1168 3813 inscribendam
1230 3729 1445 3802 eligere
1506 3728 1735 3806 licuisse
1797 3737 1967 3801 atque
2018 3728 2105 3787 ita
2153 3745 2346 3788 curam
2400 3730 2683 3803 quandam

605 3959 646 4027 ¹)
683 3958 814 4014 ibid.
852 3958 917 4026 V,
960 3960 1042 4028 11,
1083 3960 1163 4016 11.

602 4047 646 4115 2)
684 4047 816 4104 ibid.
853 4047 976 4118 VII,
1013 4050 1100 4118 27,
1136 4051 1188 4103 2.

606 4133 650 4205 ³)
687 4135 748 4188 in
783 4135 939 4194 Verr.
975 4135 1070 4206 IV,
1104 4138 1191 4192 42.
