3226 5078
1306 499 1737 562 ..29-

413 697 706 769 ponendae
755 699 946 754 autem
997 696 1050 753 ei
1074 686 1366 767 cosmeta,
1430 694 1488 754 h.
1534 711 1577 752 e.
1637 691 1899 767 princeps
1939 694 2285 766 epheborum
2335 696 2634 754 consuluit.

417 794 551 866 quin
593 792 821 867 saepius
851 796 1157 861 cosmetae,
1200 792 1288 851 illi
1327 792 1438 850 hoc
1463 807 1695 849 munere
1736 791 1921 850 functi
1948 792 2078 865 sint,
2124 792 2218 850 vix
2261 793 2492 851 dubium
2533 799 2637 862 est,

414 908 753 964 quamquam
791 909 905 951 uno
949 892 1118 951 modo
1158 892 1268 952 hoc
1306 892 1521 951 utimur
1561 892 1909 952 testimoniO.

569 1007 642 1048 ex
686 990 904 1050 duobus
956 990 1161 1050 deinde
1211 990 1397 1050 titulis
1449 992 1624 1050 etiam
1674 1008 1710 1049 a
1751 987 1936 1058 νέοιςῑ)
1981 996 2205 1051 statuas
2244 992 2463 1051 dicatas
2514 1009 2637 1051 esse

412 1088 695 1147 discimus.
780 1094 841 1148 et
879 1088 1311 1162 Aphrodisiade
1360 1089 1587 1161 quidem
1629 1089 1881 1149 Adrasto
1932 1090 2149 1148 homini
2199 1090 2409 1162 optime
2451 1091 2523 1150 de
2572 1107 2635 1148 se

410 1186 615 1243 merito
658 1190 909 1245 statuam
951 1186 1200 1245 erexisse
1242 1186 1538 1259 dicuntur,
1599 1187 1693 1245 cui
1733 1187 1895 1259 operi
1936 1186 2281 1260 perficiendo
2322 1192 2386 1245 ut
2436 1204 2633 1246 consu·

409 1284 577 1356 leret,
600 1284 964 1356 Pamphilum
987 1283 1298 1358 elegerunt,
1328 1283 1667 1343 collocando
1696 1284 1946 1342 scribam
1975 1301 2140 1342 suum
2167 1282 2632 1358 praefecerunt.²)

413 1382 641 1442 eosdem
663 1383 905 1452 denique
933 1380 1085 1445 νέους
1112 1380 1345 1441 Sirrhae
1370 1382 1430 1439 in
1456 1382 1598 1441 urbe
1619 1382 1994 1441 Macedoniae
2019 1382 2343 1441 invenimus
2365 1382 2455 1460 (C.
2488 1383 2532 1440 Ι.
2561 1384 2634 1442 G.

415 1480 476 1537 II
530 1479 740 1554 2007):
803 1484 1115 1552 posuerunt
1162 1484 1353 1538 autem
1401 1478 1730 1554 pontificem
1778 1480 2086 1538 maximum
2140 1481 2637 1554 institutoremque

414 1577 678 1636 ludorum
741 1577 970 1636 concilii
1016 1577 1400 1649 Macedonici,
1465 1582 1703 1636 curante
1757 1577 2081 1638 Cassandro
2132 1578 2403 1651 quodam,
2468 1595 2636 1650 quem

414 1674 544 1734 ideo
583 1691 759 1733 unum
800 1693 869 1734 ex
910 1675 983 1734 iis
1025 1674 1201 1735 fuisse
1243 1677 1542 1736 coniceris.

571 1773 773 1845 quibus
833 1773 1161 1845 praemissis
1229 1773 1306 1832 ad
1372 1773 1573 1831 titulos
1634 1774 1869 1846 proprie
1937 1773 2196 1846 privatos
2261 1779 2637 1836 transeamus·

408 1869 652 1943 privatis
713 1872 940 1943 quidem
1003 1871 1232 1944 publico
1293 1871 1422 1929 loco
1474 1872 1701 1944 signum
1752 1887 1967 1944 ponere
2008 1887 2121 1929 non
2170 1871 2357 1930 licuit:
2411 1872 2501 1930 sin
2543 1873 2634 1929 cui

408 1968 560 2026 hunc
578 1969 855 2027 honorem
875 1968 1130 2027 tribuere
1148 1968 1384 2040 vellent,
1415 1974 1649 2028 senatus
1670 1968 1981 2042 populique
2004 1968 2235 2027 decreto
2258 1968 2575 2042 oportebat.
2585 1966 2632 2035 ⁸)

410 2064 566 2123 domi
606 2066 776 2124 modo
818 2072 921 2124 aut
960 2067 1021 2124 in
1049 2066 1295 2140 templis,
1341 2084 1488 2140 quae
1517 2084 1741 2140 semper
1766 2067 2073 2139 unicuique
2098 2067 2392 2140 patebant,
2435 2065 2633 2139 quovis

409 2167 666 2236 tempore
706 2180 777 2223 ne
817 2169 1044 2223 statuas
1071 2165 1434 2238 collocarent,
1482 2165 1778 2238 prohiberi
1804 2181 1916 2223 non
1958 2168 2255 2239 poterant3
2298 2165 2372 2224 ad
2413 2165 2632 2238 signum

407 2266 601 2320 autem
642 2262 703 2319 in
744 2262 893 2321 alius
933 2262 1148 2335 privati
1190 2279 1332 2337 agro
1375 2263 1771 2322 collocandum
1814 2278 2089 2322 consensu
2129 2263 2251 2322 eius
2278 2279 2418 2336 opus
2457 2261 2630 2322 fuisse

404 2357 770 2418 manifestum
810 2358 964 2428 est.⁴)
1029 2365 1089 2420 et
1126 2360 1454 2434 saepissime
1505 2360 1735 2433 quidem
1774 2360 1933 2435 ipsos
1974 2366 2034 2419 et
2081 2361 2243 2434 operi
2283 2359 2628 2433 perficiendo

408 2457 759 2518 consuluisse
788 2465 1149 2532 statuamque
1176 2459 1497 2533 ponendam
1527 2477 1757 2519 curasse
1798 2476 1925 2519 cum
1966 2476 2072 2533 per
2098 2476 2158 2518 se
2199 2458 2496 2533 probabile
2536 2458 2628 2529 sit,

405 2561 530 2614 tum
572 2558 846 2630 exemplis
888 2558 1293 2631 comprobatur
1321 2559 1493 2617 certis
1504 2557 1567 2632 ⁸),
1610 2560 1808 2631 itaque
1848 2560 1909 2617 in
1934 2558 2106 2634 longe
2144 2558 2404 2631 plurimis
2445 2556 2632 2615 titulis

408 2653 651 2725 privatis
704 2655 774 2713 de
825 2660 1093 2714 curatore
1132 2655 1279 2713 nihil
1328 2656 1554 2714 0111111110
1595 2656 1949 2730 adiungitur,
2005 2673 2134 2716 cum
2172 2655 2335 2714 illum
2375 2654 2473 2727 qui
2513 2654 2628 2713 sol-

406 2751 585 2811 visset
633 2757 886 2810 statuam
935 2755 1267 2826 plerumque
1319 2753 1494 2813 etiam
1552 2753 1955 2827 perficiendam
2018 2759 2188 2827 atque
2239 2752 2627 2813 collocandam

408 2865 640 2908 curasse
700 2867 866 2911 nemo
918 2852 1181 2912 nesciret.
1264 2852 1524 2927 exempla
1572 2853 1743 2911 huius
1790 2853 2020 2926 generis
2070 2853 2364 2911 titulorum
2421 2850 2625 2910 afferre

401 2948 498 3005 vix
539 2948 726 3007 iuvat:
768 2949 1080 3010 videantur
1120 2950 1243 3009 fere
1283 2949 1349 3012 O.
1392 2951 1440 3010 Ι.
1487 2952 1556 3012 G.
1598 2951 1661 3009 Π
1703 2952 1860 3010 2774
1901 2984 1978 2994 -
2026 2951 2181 3010 2818
2224 2984 2299 2994 -
2347 2950 2500 3009 2821
2547 2982 2621 2991 —-

398 3044 551 3107 Bull.
594 3047 622 3104 I
664 3064 720 3121 p.
768 3048 903 3119 290,
956 3049 1033 3107 74
1074 3081 1150 3090 —
1191 3049 1221 3107 I
1260 3066 1318 3122 p.
1348 3049 1482 3123 293,
1529 3050 1604 3108 82
1646 3039 2047 3122 inscriptiones
2088 3047 2352 3119 aliaeque
2391 3047 2621 3104 multae.

400 3142 552 3214 quod
594 3144 644 3201 si
691 3144 871 3218 igitur
918 3146 1284 3206 statuendum
1332 3152 1453 3219 est,
1517 3147 1852 3219 plerumque
1904 3162 2034 3204 eum
2084 3146 2270 3219 ipsum
2318 3144 2619 3218 privatum,

401 3241 503 3312 qui
542 3240 909 3301 dedicaverat
953 3248 1230 3316 statuam,
1294 3242 1613 3317 ponendam
1664 3259 1884 3319 quoque
1936 3259 2062 3301 eam
2111 3258 2366 3314 curasse,
2429 3246 2622 3299 tamen

399 3337 689 3400 interdum
729 3340 903 3399 etiam
944 3345 1245 3414 cognatum
1286 3341 1406 3399 eius
1447 3340 1540 3399 vel
1579 3333 1828 3414 'amicum
1870 3341 1980 3400 hoc
2019 3355 2254 3398 munere
2293 3337 2618 3411 fungentem

398 3433 681 3509 videmus3
743 3438 881 3509 quin
931 3439 1108 3497 etiam
1147 3453 1384 3496 vernam
1427 3439 1712 3497 curatoris
1764 3443 1960 3511 partes
2001 3437 2316 3511 suscepisse
2359 3435 2618 3508 exemplo

401 3531 888 3603 demonstratur.⁸)
944 3521 1190 3609 Mylasis
1229 3535 1461 3607 quidam
1501 3535 1864 3595 Menecrates
1906 3535 2226 3594 columnam
2268 3534 2468 3602 erexit,
2524 3532 2616 3591 cui

540 3693 587 3760 1)
622 3691 691 3748 de
735 3693 933 3763 quibus
976 3692 1089 3749 vid.
1125 3691 1456 3763 Hirschfeld,
1493 3692 1552 3749 z.
1589 3679 1656 3749 ὃ.
1693 3692 1759 3749 e.
1799 3693 1935 3749 1882
1971 3708 2025 3762 p.
2068 3692 2184 3747 161.

537 3779 586 3849 ²)
619 3780 793 3837 fusius
832 3780 901 3837 de
933 3782 1038 3837 hoc
1072 3782 1235 3838 titulo
1273 3782 1484 3851 egimus
1519 3798 1573 3852 p.
1609 3783 1664 3837 9.

538 3869 584 3939 ⁸)
620 3868 689 3925 de
743 3870 922 3925 titulis
958 3869 1066 3925 huc
1119 3870 1500 3940 spectantibus
1543 3871 1658 3925 iam
1695 3873 1857 3925 antea
1903 3869 2052 3925 inter
2096 3869 2349 3940 publicos
2406 3870 2614 3941 egimus

394 3972 450 4026 p.
491 3958 716 4014 18-20.
1615 3963 1620 3968 ’

537 4047 582 4116 ⁴)
619 4047 727 4106 vid.
764 4048 980 4117 Perrot,
1016 4047 1360 4119 exploration
1395 4048 1464 4104 de
1501 4047 1558 4102 la
1595 4047 1815 4105 Galatis
1852 4050 1908 4104 et
1943 4047 2203 4120 Bithynis
2239 4064 2295 4118 p.
2334 4048 2419 4103 53.

536 4136 582 4206 ⁸)
618 4136 678 4193 C.
714 4137 757 4193 L
798 4136 863 4195 Gr.
902 4136 955 4193 Π
991 4138 1132 4194 3183
1169 4167 1236 4178 -—
1273 4135 1435 4207 Diog.
1471 4135 1538 4195 L.
1575 4136 1639 4207 V,
1678 4138 1770 4192 15:
1808 4136 1869 4210 ἢν
1909 4135 2204 4210 διενοούμην
2254 4134 2497 4192 ἐκδοῦναι.

537 4227 585 4296 ⁸)
620 4225 751 4282 ch.
788 4226 869 4281 ΙΠ
906 4227 1035 4294 1093
1073 4226 1168 4283 cfr.
1207 4228 1373 4284 etiam
1409 4227 1553 4283 Bull.
1588 4226 1617 4281 I
1654 4242 1707 4297 p.
1745 4227 1831 4296 86,
1868 4226 1955 4282 24.
