3226 5078
1468 566 1901 629 -42-

563 759 932 818 Crotoniatae
973 758 1196 832 signum
1241 758 1519 818 delevisse
1561 775 1633 817 ea
1682 759 1754 817 de
1796 774 1969 817 causa
2009 759 2462 833 comperimus1),
2507 759 2659 832 quod
2698 759 2798 817 ille

557 858 808 931 palmam
849 856 1146 929 Olympiae
1195 855 1439 929 adeptus
1481 857 1899 929 Syracusarum
1944 855 2106 914 urbis
2156 855 2337 914 civem
2378 871 2440 913 se
2479 857 2799 915 renuntiari

564 970 766 1027 passus
830 961 973 1013 erat.
1057 954 1261 1013 Verris
1325 954 1569 1025 denique
1630 954 1858 1026 signum
1899 971 1936 1012 a
1976 953 2387 1027 Tyndaritanis
2428 953 2798 1013 deturbatum

562 1051 757 1110 statim
808 1067 932 1110 esse
981 1051 1218 1121 simulac
1259 1067 1588 1109 successum
1631 1050 1756 1110 eius
1797 1050 2096 1110 audissent
2136 1050 2224 1108 illi
2266 1050 2542 1110 Cicerone
2581 1052 2798 1109 utimur

563 1154 800 1209 auctore
838 1149 897 1206 in
939 1149 1198 1208 oratione
1241 1149 1302 1206 in
1341 1148 1584 1208 Verrem
1624 1149 1824 1208 habita
1863 1149 1947 1208 IV
1974 1149 2093 1224 4.²)

718 1246 862 1305 haec
911 1245 982 1304 de
1024 1246 1233 1304 statuis
1277 1245 1473 1305 dedita
1515 1263 1694 1319 opera
1733 1245 1983 1305 violatis.
2067 1246 2140 1304 de
2182 1247 2530 1305 laesionibus
2570 1263 2685 1305 non
2727 1246 2798 1305 de

564 1343 850 1403 industria
886 1343 991 1401 sed
1030 1359 1135 1415 per
1174 1359 1369 1401 casum
1408 1343 1582 1401 factis
1625 1343 1801 1401 aliter
1840 1359 2066 1416 semper
2088 1343 2366 1417 cogitasse
2395 1328 2648 1402 Graecos
2674 1361 2799 1402 mo-

566 1456 705 1500 nere
743 1441 842 1499 vix
884 1455 1026 1512 opus
1068 1438 1238 1515 est.³)
1305 1440 1465 1498 nullo
1507 1444 1703 1498 autem
1742 1439 1910 1498 modo
1951 1440 2188 1498 violatio
2231 1441 2441 1499 evitari
2480 1445 2711 1513 poterat
2737 1441 2799 1498 in

564 1538 793 1610 templis
833 1537 975 1608 illis,
1038 1553 1186 1609 quae
1229 1527 1483 1595 donariis
1528 1544 1700 1608 atque
1742 1537 1948 1595 statuis
1990 1538 2210 1596 referta
2252 1542 2435 1596 erant.
2519 1537 2800 1596 traditum

562 1637 670 1694 hoc
710 1635 873 1694 nobis
915 1635 987 1693 de
1012 1633 1382 1694 Parthenone
1422 1635 1481 1692 in
1507 1634 1720 1693 tabulis
1748 1639 2135 1707 quaestorum,
2180 1634 2279 1706 qui
2308 1635 2568 1693 omnibus
2596 1635 2801 1708 templi

560 1731 717 1790 illius
760 1732 1017 1791 donariis
1059 1731 1464 1790 conservandis
1507 1731 1842 1805 praepositi,
1888 1747 2037 1789 anno
2075 1736 2308 1804 peracto
2345 1747 2714 1802 quaecunque
2740 1732 2800 1788 in

564 1829 776 1902 templo
830 1828 1134 1888 exstabant
1186 1828 1426 1888 donaria
1466 1833 1526 1886 et
1567 1829 1665 1901 qui
1705 1828 1808 1886 illa
1850 1843 1912 1886 se
1953 1828 2233 1886 haberent
2274 1834 2543 1888 accurate
2586 1828 2800 1888 descri-

561 1928 696 1986 bere
756 1927 1060 1987 debebant.
1143 1926 1423 1985 eiusmodi
1488 1926 1744 1984 tabulam
1787 1926 1929 1998 legis
1969 1926 2032 1983 in
2074 1926 2136 1986 C.
2188 1926 2238 1985 I.
2281 1926 2350 1985 A.
2394 1927 2422 1984 Ι
2469 1928 2600 1985 139.
2683 1926 2800 1984 alia

444 2017 455 2023 ’
563 2026 843 2098 quaedam
881 2024 1185 2097 inscriptio
1226 2042 1263 2083 a
1290 2024 1580 2097 Rangabe,
1613 2022 1785 2100 (848)
1830 2024 2126 2098 publicata
2152 2024 2303 2082 unde
2330 2024 2425 2096 sit,
2467 2024 2791 2106 ignoratur:

565 2123 758 2195 agitur
798 2127 990 2180 autem
1034 2122 1093 2179 in
1136 2137 1205 2179 ea
1246 2122 1317 2180 de
1359 2125 1680 2180 statuarum
1722 2137 1867 2193 quae
1907 2138 2013 2193 per
2053 2138 2246 2179 casum
2285 2121 2582 2193 perierunt
2621 2136 2798 2178 mem-

568 2219 708 2290 bris,
752 2217 813 2276 id
853 2218 1007 2290 quod
1046 2217 1214 2275 initio
1257 2218 1393 2276 anni
1420 2223 1756 2289 quaestores
1784 2221 2004 2276 notant.
2021 2215 2067 2291 ⁴)
2131 2218 2337 2276 harum
2365 2222 2560 2276 autem
2587 2217 2799 2290 quippe

567 2330 716 2387 quae
755 2315 1022 2375 minimae
1064 2321 1255 2375 essent
1294 2316 1610 2375 laesionum
1651 2316 1811 2375 nulla
1851 2316 2082 2374 omnino
2123 2317 2276 2375 ratio
2317 2316 2519 2375 habita
2560 2317 2688 2376 esse'
2710 2317 2797 2374 vi-

562 2411 746 2470 detur.
2235 2411 2242 2416 ’

719 2513 787 2568 ut
827 2514 1018 2570 autem
1062 2510 1152 2570 vel
1180 2515 1384 2570 contra
1410 2510 1676 2571 minimas
1704 2512 1809 2571 has
1835 2512 2119 2571 laesiones
2147 2518 2422 2585 quantum
2452 2510 2577 2571 fieri
2605 2516 2799 2585 posset

566 2606 1005 2668 defenderentur
1045 2610 1225 2683 signa,
1271 2609 1502 2669 basibus
1542 2609 1815 2683 imposita
1857 2627 1980 2670 esse
2020 2611 2306 2683 videntur,
2350 2611 2413 2669 id
2441 2610 2595 2682 quod
2622 2610 2798 2668 etiam

565 2706 736 2765 titulo
778 2707 1026 2780 quodam
1067 2708 1453 2781 confirmatur,
1499 2711 1560 2768 in
1603 2726 1715 2781 quo
1758 2708 1912 2768 basis
1952 2714 2230 2782 argentea
2268 2708 2441 2781 gypsi
2466 2693 2640 2781 plena
2665 2724 2799 2780 sup-

564 2803 757 2876 posita
819 2820 942 2862 esse
1005 2804 1217 2862 dicitur
1278 2806 1439 2879 signo
1502 2814 1569 2864 ut
1611 2804 1891 2882 ἅπαθμον
1934 2805 2025 2866 καὶ
2066 2805 2355 2882 ἀτείμητον
2397 2804 2489 2864 καὶ
2530 2803 2797 2883 ἄχραντον

569 2902 737 2959 esset.
750 2896 798 2974 ⁵)
868 2916 1050 2972 neque
1091 2902 1208 2959 alia
1247 2917 1312 2959 re
1353 2901 1498 2959 moti
1539 2919 1662 2961 esse
1701 2901 1968 2961 videntur
2010 2902 2236 2971 Graeci,
2280 2908 2346 2960 ut
2384 2903 2599 2975 saeptis
2641 2900 2797 2980 (ἐρύ-

570 2996 726 3071 μασι)
770 2997 1070 3070 cingerent
1110 2997 1417 3057 simulacra
1457 3000 1740 3071 quaedam
1753 2995 1828 3076 ⁰);
1872 3000 1972 3059 sed
2012 3001 2156 3060 haec
2196 3018 2309 3059 non
2343 3000 2455 3058 nisi
2490 3000 2553 3058 in
2578 2999 2798 3074 pretio-

709 3208 750 3275 1)
788 3205 952 3266 PauS.
990 3207 1084 3278 VI,
1127 3211 1210 3279 13,
1252 3212 1297 3264 1.

705 3294 751 3366 ²)
790 3295 1166 3352 Hellanodicis
1222 3314 1444 3369 quoque
1500 3300 1745 3353 statuam
1788 3298 2014 3354 victoris
2050 3298 2215 3353 nimis
2251 3314 2512 3367 magnam
2548 3299 2798 3353 evertere

565 3382 788 3440 licuisse
825 3400 938 3439 non
973 3387 1151 3457 taceo,
1186 3385 1295 3442 vid.
1333 3386 1561 3447 Lucian.
1599 3388 1669 3444 (16
1704 3388 1869 3457 imag.
1912 3392 1995 3458 11,
2030 3386 2247 3443 Krause
2286 3386 2546 3458 Olympia
2582 3403 2637 3456 p.
2679 3388 2796 3440 141.

566 3501 632 3510 —
670 3471 875 3532 confer.
913 3473 1083 3528 etiam
1116 3473 1325 3541 Friedl.
1364 3476 1586 3546 sitteng.
1625 3475 1709 3531 III
1745 3493 1799 3547 p.
1839 3479 1959 3532 211.

707 3560 752 3632 ³)
789 3562 898 3619 vid.
936 3562 1142 3620 Friedl.
1181 3564 1216 3623 l.
1255 3565 1291 3623 1.
1331 3564 1416 3619 III
1452 3582 1506 3636 p.
1546 3568 1670 3635 210,
1705 3569 1819 3622 not.
1859 3569 1909 3621 8.

704 3649 749 3719 ⁴)
788 3650 887 3708 cfr.
927 3651 1169 3724 curtina,
1206 3670 1394 3725 progr.
1417 3654 1651 3711 Liibeck
1680 3658 1840 3711 1877:
1880 3655 2102 3710 studien
2136 3672 2236 3710 zur
2259 3653 2447 3724 gesch.
2471 3670 2581 3709 von
2603 3652 2798 3710 Samos

565 3756 619 3809 Ρ.
662 3742 728 3796 10
764 3757 886 3813 sqq.
925 3744 982 3797 et
1017 3743 1085 3799 U.
1123 3742 1352 3815 Kohler,
1390 3744 1503 3800 ath.
1540 3745 1683 3800 mitt.
1728 3747 1863 3800 1882
1900 3761 1956 3814 p.
1994 3746 2115 3800 369.
2241 3809 2244 3812 p

708 3827 752 3899 ⁵)
793 3828 853 3888 C.
891 3829 934 3885 I.
973 3829 1037 3890 G.
1076 3830 1133 3886 II
1169 3834 1326 3893 3159.
1363 3833 1562 3903 miror,
1600 3832 1751 3904 quod
1788 3848 1951 3888 ncmo
1990 3832 2169 3888 adhuc
2207 3833 2299 3902 (ne
2334 3831 2537 3886 Hasius
2575 3830 2799 3903 quidem

562 3914 624 3969 in
662 3915 852 3987 Steph.
899 3917 1041 3978 thes,
1098 3936 1141 3975 s,
1180 3938 1229 3977 v.
1270 3919 1557 3995 ἄσταθμος)
1616 3913 1885 3994 ἀτείμητον
1939 3921 2173 3977 verbum
2218 3937 2387 3976 sensu
2423 3920 2571 3976 omni
2608 3934 2797 3974 carere

564 4005 718 4062 vidit.
777 4003 1038 4077 ἀκείνητον
1085 4009 1204 4063 sine
1261 4008 1428 4065 dubio
1484 4009 1874 4078 corrigendum
1928 4012 2038 4065 est:
2098 4011 2244 4061 κινεῖν
2283 4010 2432 4064 6111111
2467 4009 2691 4078 proprie
2729 4007 2797 4063 de

564 4095 852 4150 movendis
908 4096 1081 4165 signis
1138 4096 1459 4168 adhibetur,
1515 4095 1612 4152 cfr.
1670 4096 1936 4155 Herodot.
1976 4095 2004 4151 I
2045 4097 2161 4154 183.
2218 4127 2283 4136 —
2347 4096 2607 4152 Philostr.
2663 4113 2712 4151 v.
2752 4112 2795 4151 s.

564 4181 621 4237 II
661 4186 708 4253 1,
751 4186 834 4240 10.
877 4214 937 4223 —
981 4182 1039 4240 G.
1079 4183 1121 4241 I.
1161 4183 1226 4241 G.
1265 4183 1294 4239 I
1319 4186 1421 4239 989
1461 4187 1564 4243 etc.

707 4271 753 4342 ⁶)
791 4273 957 4345 PauS‚
993 4274 1058 4345 V,
1102 4277 1183 4344 11,
1219 4278 1270 4329 4.
1313 4303 1378 4313 -
1421 4270 1481 4329 C.
1519 4272 1563 4329 I.
1600 4274 1671 4333 A.
1711 4272 1739 4328 I
1763 4275 1884 4329 319.
