3226 5078
1455 543 1892 607 ...65-

568 736 771 797 deinde
808 734 1162 809 Argivorum
1211 734 1543 795 mulieribus
1590 751 1737 808 quae
1779 731 2158 809 Gerarades1)
2196 732 2563 804 vocabantur,
2614 731 2774 790 vario

566 836 735 895 modo
778 840 1041 894 ornatum
1081 839 1187 895 est.
1267 849 1450 907 genae
1491 833 1641 892 enim
1682 833 1803 892 eius
1841 831 2017 890 minio
2056 831 2494 903 inducebantur3
2537 845 2775 902 cumque

567 934 755 994 oleum
792 939 1110 1007 pectenque
1149 933 1223 992 ad
1264 932 1480 992 crinem
1520 930 1862 1004 pectendum
1902 948 1938 989 a
1977 928 2330 989 Callimacho
2372 944 2775 988 commemore-

563 1038 661 1091 tur
672 1030 738 1106 2),
780 1032 887 1090 hoc
926 1031 1094 1090 modo
1134 1031 1439 1102 quotannis
1463 1029 1793 1088 restitutum
1822 1044 1943 1088 esse
1968 1029 2333 1088 simulacrum
2358 1027 2502 1086 illud
2527 1026 2772 1086 videtur.

567 1129 641 1189 de
682 1129 889 1188 ceteris
929 1145 1074 1202 quae
1115 1129 1188 1187 ab
1227 1129 1336 1188 hac
1375 1128 1607 1186 minime
1636 1126 1908 1186 differunt
1931 1127 2153 1201 pompis
2179 1127 2443 1185 videatur
2468 1125 2773 1183 Botticher

546 1229 626 1285 ‚in
666 1227 813 1287 libro
853 1228 952 1298 qui
990 1227 1348 1300 inscribitur,
1401 1226 1665 1285 tektonik
1713 1226 1817 1284 der
1856 1224 2159 1295 Hellenen,
2200 1223 2343 1299 11³);
2405 1240 2507 1282 nos
2547 1222 2772 1294 quidem

568 1325 943 1384 celeberrima
989 1325 1159 1383 modo
1206 1325 1308 1383 illa
1345 1323 1606 1383 Daedala
1656 1340 2174 1391 commemoramus,
2237 1338 2383 1394 quae
2443 1321 2771 1395 gravissime

563 1421 636 1480 ab
676 1422 766 1482 his
807 1422 1028 1495 pompis
1069 1419 1421 1480 differebant.
1479 1421 1540 1479 in
1579 1421 1909 1481 memoriam
1950 1420 2100 1479 enim
2138 1419 2363 1479 fabulae
2389 1434 2534 1492 quae
2560 1418 2772 1492 legitur

564 1520 718 1592 apud
756 1519 1096 1579 Pausaniam
1107 1520 1152 1595 ⁴)
1196 1525 1358 1579 sexto
1399 1536 1622 1592 quoque
1661 1536 1809 1578 anno
1851 1537 1888 1578 a
1925 1519 2356 1579 Plataeensibus
2398 1534 2580 1591 parva
2618 1517 2769 1576 Dae·

564 1618 697 1676 dala
735 1618 1024 1676 celebrata
1063 1623 1220 1692 sunt3
1263 1619 1611 1691 sexagesimo
1654 1623 1846 1678 autem
1886 1618 1960 1676 ab
2000 1619 2257 1677 omnibus
2284 1617 2521 1676 Boeotis
2560 1631 2771 1688 magna

563 1714 996 1775 celebrabantur
1044 1716 1303 1775 Daedala
1349 1716 1458 1775 hoc
1507 1717 1695 1777 modo.
1777 1716 2083 1775 simulacra
2131 1716 2192 1773 in
2241 1715 2438 1788 parvis
2493 1713 2769 1772 Daedalis

559 1813 704 1871 miro
765 1815 932 1873 modo
983 1820 1313 1886 comparata
1323 1811 1370 1890 ⁵)
1421 1814 1851 1886 quaternadena
1901 1805 2368 1887 deprompserunt
2418 1816 2478 1869 et
2526 1812 2763 1870 sortitae

562 1912 714 1971 inter
754 1929 817 1972 se
858 1918 987 1972 octo
1027 1913 1301 1972 Boeotiae
1341 1913 1608 1972 civitates
1649 1912 2019 1982 sustulerunt3
2074 1910 2394 1970 simulacris
2445 1909 2649 1968 deinde
2689 1910 2761 1969 ad

568 2009 754 2083 Asopi
795 2012 950 2083 ripas
993 2011 1207 2068 ornatis
1247 2014 1419 2081 atque
1457 2011 1517 2067 in
1556 2026 1729 2068 curru
1768 2010 2051 2083 impositis
2089 2008 2424 2066 muliebrem
2449 2008 2765 2081 pronubam

562 2109 922 2176 addiderunt,
965 2114 1087 2166 tum
1126 2125 1324 2167 rursus
1366 2110 1602 2168 sortitae
1629 2125 1739 2181 quo
1780 2109 2018 2180 quisque
2058 2107 2299 2181 populus
2337 2106 2462 2164 loco
2502 2122 2766 2179 pompam

557 2207 682 2278 ipse
721 2205 1060 2278 traduceret,
1106 2206 1366 2279 plaustra
1391 2224 1428 2265 a
1453 2205 1683 2264 flumine
1710 2207 1769 2264 in
1805 2223 2082 2265 summum
2109 2205 2470 2264 Cithaeronis
2495 2205 2765 2263 verticem

554 2304 816 2376 agebant,
870 2303 969 2362 ubi
1009 2320 1111 2362 ara
1149 2304 1342 2376 lignea
1380 2305 1444 2361 in
1482 2305 1608 2377 ipso
1651 2303 1857 2362 montis
1895 2305 2031 2376 iugo
2058 2307 2265 2375 parata
2291 2308 2431 2361 erat.
2487 2301 2762 2361 Plataeae

552 2406 744 2460 autem
804 2402 1260 2472 quattuordecim
1310 2403 1472 2477 signa
1520 2419 1648 2461 cum
1696 2403 1885 2462 vaccis
1926 2407 1988 2460 et
2037 2401 2219 2460 tauris
2268 2400 2505 2471 aliisque
2559 2401 2766 2458 hostiis

551 2500 589 2560 J
591 2500 683 2559 ovi
734 2505 793 2558 et
832 2500 1044 2559 Junoni
1093 2501 1357 2562 mactatis
1409 2518 1544 2561 arae
1583 2502 1853 2575 imposita
1892 2505 1952 2559 et
1991 2504 2111 2559 tum
2152 2515 2254 2559 ara
2292 2500 2418 2573 ipsa
2461 2499 2760 2571 omniaque

554 2615 700 2670 quae
740 2599 970 2658 inerant
1011 2599 1305 2657 combusta
1346 2602 1492 2659 sunt.
1640 2586 1647 2595 ’

709 2714 837 2754 cum
878 2701 1068 2755 autem
1107 2698 1217 2756 hae
1256 2715 1497 2772 pompae
1537 2715 1777 2772 quarum
1816 2699 1983 2758 modo
2022 2699 2360 2757 mentionem
2387 2696 2641 2765 fecimus,
2684 2696 2759 2754 ad

552 2811 709 2852 mare
750 2795 842 2852 vel
884 2794 956 2853 ad
995 2794 1211 2852 fontem
1253 2812 1446 2854 omnes
1474 2796 1879 2869 dirigerentur,
1923 2796 2040 2855 alia
2066 2797 2232 2871 signa
2259 2797 2429 2854 etiam
2457 2796 2516 2852 in
2543 2797 2759 2867 templa

549 2892 722 2950 ducta
763 2907 884 2950 esse
926 2892 1330 2965 comperimus3
1380 2894 1662 2965 plurimae
1702 2900 1893 2953 autem
1931 2895 2099 2953 huius
2138 2894 2362 2967 generis
2401 2909 2644 2967 pompae
2685 2893 2758 2951 ad

550 2988 827 3048 Liberum
893 2990 1198 3061 pertinent.
1299 2991 1462 3049 velut
1518 2991 1767 3050 Athenis
1833 3008 2013 3065 prope
2071 2991 2439 3052 Academiam
2498 3007 2612 3050 non
2670 2991 2757 3047 ita

550 3103 812 3161 magnum
876 3091 1003 3145 erat
1061 3088 1331 3159 templum
1344 3133 1358 3159 ,
1422 3088 1482 3146 in
1533 3089 1684 3161 quod
1736 3090 2037 3161 quotannis
2089 3090 2261 3148 certis
2314 3089 2512 3147 diebus
2558 3088 2755 3148 Liberi

547 3185 883 3243 Eleutherei
922 3185 1283 3243 simulacrum
1312 3190 1604 3258 portatum
1633 3203 1754 3245 esse
1780 3187 2094 3247 Pausanias
2122 3188 2379 3247 tradidit.
2391 3186 2439 3262 ⁶)
2493 3187 2754 3259 idemque

546 3282 667 3341 fere
701 3283 894 3341 Patris
935 3282 1163 3342 accidit.
1218 3284 1299 3340 ibi
1340 3284 1489 3341 enim
1529 3284 1588 3340 in
1632 3284 1779 3343 cista
1818 3285 2018 3344 Liberi
2044 3285 2424 3359 Aesymnetae
2452 3301 2753 3344 conserva-

547 3381 716 3452 batur
756 3380 1119 3439 simulacrum
1134 3426 1148 3454 ,
1201 3381 1353 3453 quod
1401 3399 1471 3441 ex
1511 3382 1691 3442 Troia
1741 3384 2099 3455 deportatum
2152 3400 2274 3442 esse
2312 3383 2617 3457 ferebatur,
2663 3382 2755 3442 cui

546 3478 931 3538 conservando
958 3479 1160 3552 optimi
1185 3496 1386 3538 novem
1413 3481 1572 3539 urbis
1592 3480 1704 3538 viri
1725 3481 2074 3554 totidemque
2094 3482 2363 3540 mulieres
2384 3481 2753 3554 eligebantur.

549 3582 710 3635 certa
770 3581 961 3636 autem
1013 3581 1178 3636 nocte
1239 3594 1276 3635 a
1325 3579 1624 3638 sacerdote
1677 3579 1824 3637 cista
1870 3578 1973 3636 illa
2014 3596 2082 3638 ex
2123 3580 2333 3654 templo
2376 3579 2750 3651 educebatur3

545 3679 665 3733 tum
704 3691 842 3735 vero
882 3675 1084 3749 priscis
1125 3676 1352 3748 quidem
1392 3676 1747 3750 temporibus
1785 3677 1952 3751 pueri
1992 3693 2059 3736 eo
2102 3678 2510 3737 conveniebant
2549 3677 2753 3749 spiceis

684 3939 727 4042 ζ)
764 3937 1229 4080 Bekkervanecd.
1267 3942 1367 3996 231
1373 3942 1476 4011 ‚.30

685 4012 727 4150 ³3
765 4009 937 4153 gp.
897 4081 1017 4149 554,
1055 4012 1157 4137 52596
1162 4027 1325 4152 ,ΒἩΙΜ
1374 4085 1431 4136 et
1474 4082 1712 4138 maxime
1748 4083 2054 4150 558—5783
2111 4082 2206 4138 cfr.
2243 4082 2468 4139 Lucian.
2525 4083 2591 4138 de
2646 4083 2749 4138 dea

545 4150 728 4290 symm⁴³¹⁴)
745 4153 1123 4278 Ῑέαυ-εαὲὃᾶ
1149 4154 1200 4294 ἒ
1197 4155 1462 4295 9113οὲ2.

689 4294 732 4364 5)
768 4293 899 4349 ibid.
937 4294 968 4364 ξ
1005 4297 1057 4350 4.

680 4363 726 4435 5)
763 4363 998 4425 Pausan.
1035 4364 1064 4421 1
1100 4367 1186 4436 29,
1223 4368 1273 4421 2.
