3226 5078
1366 559 1802 624 ..23-

473 766 600 807 rum
638 750 794 809 haud
835 752 1040 825 exigua
1078 768 1214 825 pars
1254 752 1315 811 in
1341 753 1640 827 Olympico
1680 754 1870 827 posita
1909 757 2019 814 est.
2079 751 2230 825 quod
2268 767 2395 809 cum
2421 748 2550 809 fieri
2575 766 2691 808 non

471 851 664 920 posset
711 846 822 906 nisi
873 847 1318 907 concedentibus
1368 848 1838 923 Atheniensibus,
1888 849 2138 921 undique
2187 849 2259 907 ob
2303 863 2427 907 eam
2467 862 2695 906 causam

470 963 541 1004 ex
581 945 820 1005 urbibus
859 946 980 1005 illis
1018 945 1240 1019 legatos
1266 946 1532 1006 Athenas
1570 950 1722 1007 mitti
1749 949 2069 1022 oportebat,
2112 946 2211 1019 qui
2249 946 2425 1005 iidem
2462 949 2688 1004 statuae

472 1043 838 1103 collocandae
878 1059 1113 1103 munere
1152 1042 1552 1118 fungebantur.
1648 1063 1823 1105 unum
1874 1048 1946 1105 ob
1997 1045 2058 1104 id
2109 1044 2364 1118 legatum
2414 1043 2695 1101 miserunt

470 1140 735 1214 Abydeni
781 1140 870 1217 (C.
913 1141 960 1200 I.
1003 1141 1073 1199 A.
1118 1142 1207 1200 ΠΙ
1247 1143 1411 1218 472),
1464 1143 1809 1203 Palaeenses
1851 1143 2014 1220 (ibid.
2058 1141 2223 1217 481),
2265 1140 2490 1200 colonia
2536 1140 2696 1199 Julia

472 1239 732 1311 Augusta
780 1236 1081 1298 Diensium
1142 1239 1338 1316 (471),
1403 1241 1705 1314 Magnetes
1765 1241 1942 1316 (Bull.
1994 1241 2056 1299 II
2096 1241 2239 1310 416,
2305 1237 2433 1313 3?),
2498 1238 2696 1297 Thasii

471 1335 562 1411 (G.
604 1335 654 1395 I.
697 1337 765 1393 A.
811 1335 903 1394 111
942 1336 1105 1411 476).
1147 1353 1219 1395 ex
1269 1338 1404 1397 aliis
1454 1339 1659 1398 deinde
1701 1339 2029 1399 civitatibus
2072 1337 2182 1396 duo
2226 1336 2324 1409 qui
2364 1334 2694 1395 collocando

471 1433 632 1504 signo
675 1448 908 1504 operam
950 1433 1167 1507 darent,
1211 1436 1370 1495 missi
1410 1443 1559 1509 sunt,
1603 1441 1671 1494 ut
1710 1453 1747 1495 a
1785 1435 2016 1510 Cypriis
2059 1434 2150 1511 (O.
2194 1435 2245 1495 I.
2286 1434 2356 1492 A.
2399 1433 2492 1492 HI
2531 1431 2693 1508 478),

472 1545 508 1585 a
550 1529 1096 1602 Pompeiopolitanis
1147 1531 1310 1608 (ibid.
1356 1534 1472 1593 482
1481 1532 1558 1608 P),
1603 1534 1677 1593 ab
1718 1532 2044 1592 Anemuriis
2084 1530 2460 1590 Cilicensibus
2502 1530 2693 1606 (475),

472 1642 508 1683 a
550 1625 751 1685 Sestiis
801 1627 997 1703 (484);
1061 1633 1336 1699 quattuor
1395 1631 1547 1690 cives
1598 1647 1636 1688 a
1686 1631 1822 1690 solis
1861 1629 2206 1689 Laodicenis
2246 1628 2444 1705 (479),
2497 1635 2619 1687 tres
2660 1644 2699 1686 a

473 1722 978 1796 Sebastopolitanis
1020 1723 1192 1801 (483)
1245 1730 1305 1785 et
1346 1726 1682 1787 Ceramietis
1722 1726 1893 1803 (486)
1950 1727 2128 1800 legati
2178 1732 2330 1785 sunt.
2409 1727 2690 1785 incertum

469 1822 661 1879 autem
687 1826 1015 1880 curatorum
1041 1838 1341 1882 numerum
1365 1825 1583 1884 Milesii
1608 1824 1830 1898 legasse
1855 1824 2124 1883 videntur
2151 1823 2244 1899 (C.
2272 1824 2317 1882 Ι.
2351 1824 2419 1884 G.
2441 1823 2475 1881 I
2518 1822 2690 1899 339);

472 1917 793 1990 providisse
833 1920 985 1977 enim
1024 1923 1251 1979 statuae
1293 1921 1576 1994 dicuntur,
1640 1922 1739 1994 qui
1799 1921 2102 1980 archontes
2164 1921 2322 1981 circa
2361 1921 2426 1980 Τ.
2468 1920 2514 1979 J
2513 1921 2694 1978 ulium

469 2015 733 2074 Macrum
781 2016 1041 2089 fuissent,
1092 2019 1166 2078 ad
1205 2035 1352 2092 quae
1392 2019 1681 2079 Bockhius
1721 2020 2052 2080 archontem
2092 2019 2244 2078 hunc
2282 2034 2397 2078 non
2436 2018 2693 2077 Atticum

471 2111 573 2170 sed
600 2112 888 2172 Milesium
929 2113 1104 2174 fuisse
1144 2133 1267 2175 rem
1306 2117 1487 2190 ipsam
1529 2116 1735 2176 docere
1775 2117 1952 2176 addit.
2012 2116 2246 2176 dubium
2272 2117 2458 2176 videri
2484 2120 2690 2189 potest,

469 2212 664 2267 utrum
703 2210 879 2284 legati
920 2211 1007 2270 illi
1048 2213 1162 2271 iam
1191 2213 1345 2272 domi
1371 2218 1623 2273 statuam
1649 2213 2056 2288 perficiendam
2083 2231 2159 2273 an
2185 2212 2500 2287 perfectam
2525 2213 2694 2272 modo

467 2307 528 2363 in
569 2306 713 2366 urbe
756 2313 994 2368 externa
1020 2309 1413 2369 collacandam
1440 2313 1784 2385 curaverint,
1828 2328 1957 2372 cum
1984 2311 2141 2386 signo
2170 2311 2325 2370 domi
2350 2310 2693 2385 perficiendo

467 2403 616 2461 alius
657 2405 1005 2473 consuleret3
1037 2422 1167 2486 'eos
1208 2413 1391 2480 certe,
1455 2409 1663 2480 quibus
1713 2410 1878 2467 simul
1921 2407 2287 2486 ἐργεπιστάται
2341 2425 2544 2468 nomen
2584 2409 2696 2467 tri-

468 2502 671 2563 butum
712 2501 858 2580 est¹)
900 2503 1076 2563 etiam
1118 2508 1344 2565 statuae
1384 2507 1702 2579 providisse
1739 2507 1800 2565 in
1840 2507 2032 2580 patria
2066 2506 2483 2581 exsculpendae
2511 2506 2696 2565 mani-

470 2598 678 2658 festum
719 2604 822 2659 est.
906 2599 1007 2658 sed
1055 2601 1198 2660 alias
1249 2603 1423 2661 etiam
1473 2608 1720 2675 utroque
1760 2620 1994 2663 munere
2034 2603 2216 2664 functi
2259 2621 2382 2665 esse
2422 2604 2696 2663 videntur

474 2696 537 2753 hi
599 2702 912 2769 curatores,
978 2696 1049 2756 de
1110 2714 1223 2770 qua
1281 2716 1348 2757 re
1408 2700 1713 2759 videantur
1762 2717 1909 2773 quae
1958 2702 2073 2760 iam
2114 2707 2286 2761 antea
2325 2702 2408 2777 (p.
2454 2700 2580 2777 8l9)
2622 2702 2694 2761 de

387 2802 392 2806 ·
474 2791 536 2851 C.
577 2791 627 2851 Ι.
670 2791 748 2852 Α.
792 2794 854 2852 H
894 2795 1004 2854 251
1052 2795 1223 2856 titulo
1266 2799 1628 2870 exposuimus
1670 2803 1728 2858 et
1760 2797 1955 2876 Ἀθήν.
2001 2801 2054 2860 V
2095 2802 2153 2862 9.

629 2890 783 2961 quod
823 2891 874 2950 si
914 2893 1257 2963 quaerimus,
1301 2895 1462 2954 cuius
1503 2895 1721 2955 ordinis
1761 2896 1822 2955 hi
1862 2900 2157 2956 curatores
2196 2895 2410 2955 fuerint
2448 2898 2508 2955 in
2533 2891 2693 2956 'alias

470 2987 734 3045 civitates
772 2988 947 3061 missi,
992 2989 1323 3062 plerumque
1362 2992 1509 3049 nihil
1550 2992 1828 3052 eiusmodi
1868 2999 2166 3052 exaratum
2208 3010 2332 3053 esse
2373 2996 2534 3063 solet,
2585 2995 2691 3054 sed

466 3086 698 3143 nomina
736 3102 842 3159 per
882 3102 947 3145 se
987 3088 1114 3146 sola
1152 3096 1485 3149 enumerata
1523 3091 1763 3165 legimus
1774 3090 1841 3167 ²),
1884 3092 2037 3152 unde
2075 3093 2329 3165 privatos
2371 3092 2475 3152 hos
2515 3091 2692 3151 fuisse

468 3182 742 3255 colligere
801 3184 1000 3257 possis.
1081 3185 1144 3243 in
1206 3186 1546 3246 Thasiorum
1605 3193 1798 3247 autem
1852 3187 2081 3248 decreto
2095 3186 2141 3262 ⁸)
2202 3189 2428 3262 legatus
2480 3188 2689 3250 artifex

469 3278 647 3338 fuisse
690 3280 922 3354 dicitur,
976 3282 1125 3355 quod
1173 3284 1404 3343 unicum
1444 3301 1568 3344 esse
1609 3285 1931 3357 exemplum
1972 3285 2088 3344 iam
2129 3291 2302 3345 antea
2341 3286 2421 3363 (p.
2467 3286 2531 3362 9)
2571 3303 2689 3344 mo·

470 3377 713 3437 nuimuS.
774 3378 836 3435 in
875 3378 1006 3438 aliis
1047 3378 1266 3440 duobus
1303 3382 1491 3442 titulis
1532 3381 1620 3440 διὰ
1663 3381 1989 3459 ἐπιμελητοῦ
2015 3380 2411 3461 (Ἀρνουφίλου
2441 3383 2506 3442 C.
2537 3384 2588 3443 I.
2617 3384 2689 3442 A.

472 3472 561 3530 III
602 3472 745 3549 481)
789 3478 846 3534 et
886 3474 971 3534 διὰ
1011 3475 1351 3554 ἐπιμελητῶν
1394 3478 1484 3538 καὶ
1526 3481 1868 3557 πρεσβευτῶν
1913 3478 2001 3555 (G.
2037 3478 2082 3541 Ι.
2110 3480 2188 3541 A.
2231 3480 2324 3540 III
2365 3479 2505 3555 479)
2548 3480 2688 3554 legi·

467 3576 596 3643 tur3
639 3571 740 3629 sed
780 3572 842 3630 in
880 3573 971 3634 his
1010 3573 1477 3648 inscriptionibus
1519 3575 1848 3654 ἐπιμελητής
1887 3594 1998 3635 vox
2037 3578 2189 3636 idem
2229 3577 2511 3651 significat
2537 3579 2688 3651 quod

471 3667 835 3746 ἐπιμεληθείς,
875 3671 934 3732 h.
980 3686 1029 3741 e,
1073 3677 1410 3744 curatorem,
1453 3690 1565 3733 non
1606 3676 2002 3749 magistratum
2040 3675 2211 3734 huius
2250 3676 2494 3736 nominis
2535 3676 2692 3735 ordi—

614 3915 659 3984 ¹)
695 3913 755 3972 G.
789 3916 831 3973 Ι.
869 3916 944 3975 A.
966 3917 1049 3974 III
1085 3920 1210 3977 486.

611 4003 659 4073 ²)
694 4003 756 4062 G.
791 4004 837 4062 1.
872 4005 944 4062 A.
980 4005 1035 4062 Π
1070 4006 1264 4062 251-
1291 4006 1371 4063 ΠΙ
1404 4006 1510 4063 471
1537 4010 2685 4068 -2172—475—478—482-488—

471 4090 573 4146 622
611 4122 678 4134 —
715 4094 822 4150 668
858 4122 926 4134 —-
964 4094 1026 4152 G.
1060 4094 1103 4151 I.
1141 4094 1209 4154 G.
1243 4095 1326 4152 111
1361 4096 1579 4155 58661).

592 4180 652 4324 ἑ)
688 4180 752 4238 G.
789 4181 834 4239 Ι.
864 4183 937 4240 A.
973 4181 1053 4240 111
1088 4185 1213 4241 476.
1250 4183 1564 4241 conferatur
1598 4186 1669 4243 de
1703 4187 1812 4245 hoc
1846 4188 2054 4245 artifice
2089 4187 2402 4246 Hirschfeld
2436 4189 2525 4246 tit.
2559 4191 2688 4244 stat.

464 4283 521 4338 p.
559 4271 589 4322 1
629 4272 663 4324 4
696 4285 786 4326 no.
823 4272 946 4329 160.
1893 4297 1898 4302 ·
