3226 5078
1478 564 1914 627 -24-

589 760 815 820 narium
857 759 990 837 (cfr.
1032 778 1089 834 p.
1138 759 1254 835 12),
1317 759 1470 831 quod
1531 758 1658 830 quis
1718 756 1962 817 forsitan
2022 757 2282 829 coniciat,
2351 755 2486 828 quia
2525 755 2586 812 in
2626 756 2811 813 altera

590 857 932 935 ἐπιμελητῶν
974 857 1064 917 καὶ
1104 859 1446 936 πρεσβευτῶν
1490 856 1705 915 dictum
1747 860 1859 914 est:
1904 855 2007 914 sed
2045 856 2188 914 haec
2228 854 2514 913 sententia
2542 853 2605 913 C.
2647 851 2806 911 I.·›A.

586 956 677 1016 ΠΙ
716 957 833 1015 486
895 957 1063 1016 titulo
1124 955 1425 1029 refellitur,
1486 955 1550 1012 in
1588 971 1701 1026 quo
1753 953 1839 1012 διὰ
1891 952 2282 1032 ἐργεπιστατῶν
2334 950 2425 1010 καὶ
2464 952 2805 1029 πρεσβευτῶν

586 1053 762 1112 verba
798 1054 994 1113 eodem
1020 1053 1188 1112 modo
1230 1069 1359 1112 cum
1385 1051 1478 1112 καὶ
1516 1052 1801 1125 particula
1840 1052 2144 1110 coniuncta
2182 1051 2463 1122 leguntur.
2525 1049 2588 1106 hi
2629 1049 2805 1121 igitur

587 1167 809 1223 quoque
858 1151 994 1223 quin
1034 1150 1252 1224 privati
1290 1149 1664 1223 intellegendi
1705 1149 1822 1207 sint
1862 1154 2173 1222 curatores,
2217 1147 2481 1207 dubitare
2521 1146 2618 1203 vix
2646 1146 2800 1206 licet.

585 1249 754 1307 aliter
812 1253 1003 1321 autem
1061 1246 1431 1306 iudicandum
1492 1252 1581 1305 est
1630 1246 1701 1305 de
1741 1246 2061 1306 atheniensi
2099 1245 2467 1318 inscriptione
2507 1244 2569 1301 in
2602 1242 2799 1319 Ἀθήν.

584 1344 642 1405 V
684 1348 720 1428 Q
773 1344 989 1419 publici
1040 1344 1180 1402 iuris
1230 1341 1406 1417 facta,
1468 1344 1568 1402 ubi
1610 1361 1684 1403 ex
1732 1341 1978 1402 formula
2028 1342 2399 1401 antecedente
2449 1341 2807 1415 epimeletam

584 1444 863 1502 ordinarii
923 1441 1292 1516 magistratus
1352 1458 1558 1501 nomen
1619 1457 1743 1501 esse
1803 1447 2044 1515 apparet
2140 1443 2200 1499 in
2262 1440 2325 1501 C.
2378 1440 2426 1498 Ι.
2484 1440 2555 1499 G.
2608 1440 2638 1497 I
2687 1440 2803 1498 351

587 1540 792 1599 deinde
853 1544 1086 1598 curator
1144 1539 1460 1598 Panhellen
1520 1539 1875 1612 appellatum
1938 1538 2002 1598 C.
2064 1540 2110 1597 I.
2164 1539 2234 1597 A.
2286 1538 2378 1596 ΙΠ
2427 1539 2548 1596 484
2610 1542 2807 1595 autem

583 1638 787 1696 titulus
848 1638 1056 1697 vitiose
1117 1637 1393 1710 scriptum
1451 1636 1693 1709 praebet.
1753 1635 1839 1694 διὰ
1899 1638 2242 1714 πρεσβευτῶν
2292 1633 2456 1693 Τίτου
2502 1631 2804 1709 Ῥαγωνίου

582 1731 844 1812 Πόρθμου
906 1734 996 1794 καὶ
1056 1731 1335 1793 Κλαυδίου
1384 1730 1916 1793 ΑΒΙΟΥΛΕΥΤΩΝ
1928 1777 1942 1807 ,
2004 1734 2106 1793 ubi
2152 1733 2397 1806 primam
2445 1732 2601 1801 vocis
2657 1732 2803 1807 [βου]

585 1834 788 1889 λευτῶν
849 1833 1125 1906 syllabam
1186 1831 1474 1905 lapicidae
1522 1847 1718 1891 errore
1770 1831 2046 1890 excidisse
2087 1831 2569 1903 Dittenbergerus
2616 1833 2800 1903 putat,

581 1930 672 1987 cui
713 1930 834 1988 sine
876 1930 1048 1990 dubio
1089 1929 1510 1989 assentiendum
1554 1935 1667 1989 est:
1713 1929 1808 1989 hic
1848 1929 2028 2004 igitur
2068 1934 2359 1988 senatores
2401 1928 2543 1986 duos
2571 1930 2801 1986 curato-

578 2043 704 2085 rum
765 2027 967 2087 officiis
1026 2027 1250 2087 functos
1313 2044 1438 2087 esse
1498 2027 1770 2087 videmus.
1852 2028 1915 2085 in
1967 2028 2030 2087 C.
2084 2029 2132 2087 Ι.
2188 2026 2255 2086 G.
2306 2027 2340 2085 Ι
2391 2026 2506 2085 339
2561 2025 2801 2097 denique

577 2125 885 2184 archontes
934 2125 1035 2197 qui
1084 2126 1238 2184 circa
1277 2125 1539 2184 Macrum
1580 2130 1994 2198 erant,curasse
2036 2126 2428 2198 comperimus.
2513 2123 2801 2183 Bockhius

576 2221 807 2294 quidem
847 2222 1150 2294 Milesium,
1194 2223 1452 2281 Atticum
1477 2221 1774 2281 Gorsinius
1814 2223 1977 2281 illum
2018 2224 2349 2282 archontem
2375 2220 2551 2281 fuisse
2578 2221 2798 2280 statuit.

580 2319 630 2378 si
671 2318 822 2377 enim
850 2320 1327 2393 reputaverimus,
1370 2324 1646 2392 quantum
1672 2322 1949 2394 temporis
1971 2321 2335 2380 curatoribus
2356 2318 2799 2379 consumendum

510 2456 515 2460 -
576 2416 773 2489 fuerit,
840 2416 1173 2490 priusquam
1236 2410 1308 2477 e'x
1369 2418 1511 2478 urbe
1572 2422 1693 2476 tam
1754 2422 1976 2476 remota
2036 2419 2315 2477 collocato
2376 2417 2539 2491 signo
2608 2412 2800 2475 redire

577 2518 833 2589 possent,
896 2515 995 2574 vix
1055 2515 1328 2576 credibile
1389 2515 1702 2590 videbitur,
1770 2516 2073 2576 archontes
2135 2531 2353 2590 omnes,
2419 2515 2518 2588 qui
2567 2513 2799 2574 summis

574 2612 953 2688 fungebantur
1011 2613 1459 2688 magistratibus,
1520 2630 1629 2686 per
1688 2619 1913 2672 tantum
1974 2613 2249 2686 temporis
2311 2614 2476 2672 domo
2539 2612 2798 2671 dimissos

578 2710 769 2785 esse.¹)
853 2711 1012 2770 aliud
1054 2712 1204 2770 enim
1245 2715 1387 2784 erat,
1430 2710 1482 2769 si
1525 2711 1834 2784 epimeleta
1872 2712 1963 2770 vel
2004 2711 2116 2770 duo
2152 2715 2448 2770 senatores
2487 2716 2799 2783 propterea

576 2807 759 2881 legati
830 2811 1015 2880 erant,
1085 2808 1186 2880 qui
1243 2809 1424 2867 multo
1492 2805 1718 2867 facilius
1785 2808 2202 2880 aliquantulum
2254 2808 2529 2882 temporis
2597 2809 2797 2866 abesse

577 2910 843 2979 poterant
891 2922 928 2963 a
975 2905 1167 2977 patria
1214 2922 1388 2978 quam
1427 2906 1632 2964 summi
1670 2905 1758 2964 illi
1796 2906 2184 2979 magistratus.
2266 2906 2339 2965 ob
2379 2907 2528 2964 hanc
2566 2904 2795 2978 quidem

576 3019 807 3062 causam
853 3002 1236 3064 Athenienses
1283 3003 1461 3063 fuisse
1512 3005 1818 3062 archontes
1867 3004 2185 3077 putaveris:
2251 3003 2353 3063 sed
2402 3004 2512 3062 hoc
2561 3018 2797 3076 prorsus

500 3120 507 3126 ·
575 3100 915 3174 inauditum,
987 3118 1233 3161 summos
1293 3101 1516 3160 alienae
1577 3101 1737 3160 nrbis
1797 3102 2171 3176 magistratus
2232 3101 2513 3161 eiusmodi
2571 3100 2795 3159 muneri

580 3196 912 3272 praefuisse,
1004 3216 1133 3258 cum
1182 3199 1443 3258 Bockhio
1504 3199 1680 3274 igitur
1740 3199 1998 3260 Milesios
2065 3200 2343 3274 intellego
2409 3200 2713 3258 archontes
2727 3199 2796 3273 τ’)

719 3383 760 3452 ¹)
794 3399 1130 3455 quamquam
1153 3383 1435 3441 Gorsinius
1473 3385 1610 3441 alias
1647 3385 1881 3455 protulit
1912 3401 2125 3457 causas,
2160 3385 2295 3441 fasti
2329 3385 2488 3441 attici
2509 3384 2564 3440 H
2586 3400 2645 3455 p.
2673 3384 2792 3439 164.

720 3472 767 3544 ²)
804 3474 1050 3545 quaesivi
1085 3473 1270 3541 etiam,
1305 3489 1451 3529 anne
1489 3469 1534 3526 οἱ
1568 3465 1686 3546 περὶ
1719 3472 1805 3527 τὸν
1847 3473 2056 3548 Μάκερα
2090 3473 2346 3548 γενόμενοι
2381 3471 2624 3546 ἄρχοντες
2651 3472 2792 3528 nihil

577 3559 730 3616 aliud
777 3560 1050 3630 significet
1101 3563 1270 3633 atque
1313 3561 1516 3632 Macer,
1569 3564 1721 3619 velut
1773 3564 1922 3636 quod
1975 3580 2087 3620 non
2139 3580 2267 3620 raro
2321 3564 2522 3634 legitur
2575 3559 2620 3614 οἱ
2679 3554 2795 3631 περὶ

574 3648 912 3722 Ἀρίσταρχον
954 3649 1104 3706 idem
1139 3650 1324 3706 valere
1357 3667 1425 3707 ac
1460 3653 1510 3706 si
1542 3651 1896 3708 Aristarchus
1934 3652 2141 3708 dictum
2176 3656 2351 3721 esset,
2404 3651 2662 3709 Lehrsius
2699 3651 2794 3707 do-

574 3738 691 3794 cuit
733 3739 850 3810 (qu.
886 3754 973 3808 ep.
1011 3739 1124 3810 28).
1195 3738 1344 3813 quod
1397 3740 1448 3796 si
1499 3741 1605 3796 hoc
1658 3744 1812 3797 recte
1865 3757 1925 3798 se
1972 3741 2167 3813 habet,
2222 3742 2511 3815 quominus
2547 3740 2793 3798 Milesius

573 3826 744 3884 fuerit
779 3828 1002 3897 archon,
1056 3828 1196 3885 nihil
1231 3829 1489 3900 impedit:
1546 3845 1657 3885 uno
1702 3832 1850 3886 enim
1883 3831 2167 3903 archonte,
2221 3832 2388 3888 etiam
2422 3845 2655 3898 summo,
2707 3828 2794 3884 vel

571 3932 674 3986 per
728 3916 1073 3987 aliquantum
1124 3920 1390 3990 temporis
1445 3936 1609 3990 egere
1661 3921 1844 3990 potuit
1884 3920 2216 3991 respublica.
2290 3920 2557 3977 confiteor
2607 3921 2794 3975 autem

573 4004 712 4061 mihi
766 4006 874 4076 ipsi
926 4006 1070 4065 hanc
1120 4007 1637 4079 interpretationem
1687 4024 1801 4065 non
1854 4008 2020 4065 nimis
2073 4011 2310 4081 placere,
2369 4010 2609 4066 maxime
2663 4008 2791 4081 quia

572 4092 828 4167 γενόμενοι
874 4094 1152 4154 adiectum
1188 4101 1292 4154 est.
1362 4101 1465 4150 τῶν
1490 4088 1606 4170 περὶ
1631 4137 1645 4155 .
1672 4138 1686 4156 .
1712 4138 1727 4155 .
1753 4138 1770 4156 .
1793 4098 1994 4168 legitur
2029 4099 2199 4156 etiam
2232 4098 2457 4166 in,Leb.
2481 4099 2562 4155 III
2598 4099 2702 4153 988
2723 4127 2790 4137 —

570 4182 705 4240 Rev.
743 4182 808 4238 31
848 4200 904 4255 p.
945 4186 1046 4242 195
1081 4188 1139 4243 et
1176 4186 1280 4243 198
1305 4215 1372 4228 -
1396 4185 1518 4256 (cfr.
1539 4185 1671 4243 Leb.
1696 4186 1779 4242 III
1807 4186 1978 4252 147b)
2005 4216 2072 4227 —
2099 4185 2161 4245 C.
2184 4186 2229 4245 Ι.
2267 4186 2385 4245 G.1
2421 4185 2786 4244 1322-1323.
