3226 5078
1398 515 1843 578 ...56-

665 706 755 764 sin
795 712 987 766 autem
1027 707 1334 766 simulacra
1372 706 1475 765 illa
1515 706 1589 765 ab
1632 706 1746 765 alio
1790 708 2016 766 nemine
2055 707 2168 766 nisi
2208 722 2244 766 a
2283 725 2503 767 summo
2545 723 2740 766 sacer-

508 802 643 862 dote
682 804 843 878 tangi
881 804 968 864 fas
1007 809 1153 873 erat,
1195 805 1291 864 hic
1342 804 1613 863 sacerdos
1654 804 1792 876 quin
1831 804 2192 877 phaedyntae
2233 819 2456 877 quoque
2504 820 2740 865 munere

507 899 735 960 functus
794 902 888 970 sit,
953 900 1210 961 dubitari
1270 918 1386 960 non
1444 906 1654 975 potest.
1714 901 1877 961 velut
1935 901 2105 975 Aegii
2161 900 2207 960 J
2206 901 2410 960 unonis
2477 900 2740 961 exstabat

508 999 800 1072 templum,
846 999 1009 1059 cuius
1049 1000 1417 1059 simulacrum
1458 999 1570 1058 nisi
1611 999 1666 1057 ei
1707 998 1807 1071 qui
1857 997 2180 1057 sacerdotio
2232 981 2581 1071 fungebatur
2617 1014 2741 1056 mu·

507 1095 642 1154 lieri
703 1097 964 1170 aspicere
1023 1097 1237 1157 nemini
1295 1096 1516 1156 licebat
1527 1093 1624 1173 ¹);v
1658 1096 1917 1182 itemque
1980 1095 2222 1169 Sicyone
2275 1095 2517 1154 Veneris
2565 1093 2740 1155 fuisse

508 1193 787 1266 templum
828 1195 1206 1267 comperimus
1215 1193 1281 1270 2>,
1324 1195 1390 1252 in
1426 1193 1580 1267 quod
1620 1193 1847 1267 ingredi
1888 1193 2000 1252 soli
2039 1193 2298 1253 licuisset
2339 1193 2565 1252 mulieri
2593 1209 2739 1265 quae

515 1290 792 1369 νεωκόρος
833 1292 1152 1350 vocabatur
1191 1291 1273 1365 (h.
1306 1307 1367 1351 e.
1409 1291 1694 1357 aedituae‚
1745 1306 1893 1362 quae
1941 1290 2242 1365 purgando
2285 1290 2496 1364 templo
2538 1306 2742 1350 consu-

508 1389 628 1448 lere
681 1389 953 1465 debebat)
994 1394 1054 1448 et
1091 1389 1303 1464 virgini
1346 1388 1697 1466 λουτροφόρῳ
1746 1405 1895 1461 quae
1934 1405 2125 1447 annuo
2139 1387 2512 1461 -fungebatur
2546 1403 2742 1448 sacer·

512 1486 687 1546 dotio.
701 1487 749 1562 ³)

671 1602 800 1649 cum
843 1590 1036 1644 autem
1075 1584 1386 1658 praecipue
1427 1581 1653 1644 sacrum
1693 1582 1908 1642 alicubi
1949 1579 2202 1642 exstaret
2242 1583 2495 1657 signum,·
2532 1584 2642 1642 hoc
2682 1584 2742 1642 in

510 1682 690 1755 adyto
730 1683 934 1756 templi
976 1683 1304 1742 conservari
1353 1682 1593 1756 solebat,
1648 1699 1778 1741 cum
1825 1682 1988 1741 aliud
2035 1682 2096 1740 in
2147 1681 2296 1740 cella
2346 1687 2739 1743 consecratum
2808 1677 2812 1681 ’

510 1786 663 1839 esset
672 1779 746 1855 ⁴);
789 1780 888 1839 hic
925 1780 1106 1855 igitur
1145 1796 1371 1854 quoque
1411 1781 1551 1855 quin
1590 1780 1858 1841 sacerdos
1897 1779 2263 1853 phaedyntae
2315 1785 2618 1840 exsecutus
2666 1781 2742 1840 sit

507 1875 697 1937 officia
738 1878 1007 1938 dubitare
1049 1896 1164 1939 non
1204 1879 1360 1938 licet.
1780 1927 1784 1949 1

673 1976 849 2034 etiam
888 1976 1007 2036 alia
1044 1964 1266 2037 deinde‘
1291 1977 1455 2049 signa
1503 1976 1566 2034 in
1617 1975 1833 2048 templo
1876 1975 2158 2034 collocata
2195 1980 2263 2032 ut
2301 1968 2746 2046 emundarentur

516 2074 655 2144 quin
693 2073 962 2133 sacerdos
1004 2091 1254 2134 summus
1301 2073 1637 2147 providerit,
1691 2073 1926 2132 dubium
1974 2088 2099 2133 esse
2147 2073 2246 2131 vix
2292 2079 2499 2147 potest.
2582 2074 2744 2147 signa

509 2170 738 2242 quidem
778 2171 838 2228 in
878 2171 1021 2230 aede
1050 2171 1199 2244 ,ipsa
1248 2171 1438 2244 posita
1488 2187 1524 2230 a
1573 2171 1835 2230 neocoris
1886 2171 1986 2243 qui
2014 2156 2392 2230 ¹vocabantur
2432 2177 2742 2245 repurgata

510 2283 636 2327 esse
682 2267 956 2326 videntur
1004 2268 1142 2343 (quo
1193 2285 1429 2328 munere
1478 2268 1769 2327 interdum
1820 2268 2177 2328 sacerdotem
2226 2285 2508 2328 summum
2556 2269 2744 2342 ipsum

509 2363 766 2425 functum
808 2381 935 2425 esse
974 2366 1146 2426 modo
1185 2365 1477 2443 vidimus),
1526 2366 1591 2425 id
1640 2366 1793 2439 quod
1844 2371 2088 2439 apparet
2138 2382 2210 2425 ex
2250 2366 2550 2440 Euripidis
2588 2365 2634 2425 J
2634 2382 2743 2426 one

515 2464 626 2520 177
645 2462 718 2539 ⁵);
763 2480 911 2536 quae
951 2468 1142 2525 autem
1185 2465 1287 2524 sub
1331 2464 1463 2524 divo
1503 2465 1729 2538 positae
1771 2468 1938 2523 erant
1987 2468 2232 2537 statuae,
2287 2460 2360 2524 ab
2409 2464 2739 2524 innumera-

511 2562 722 2622 bilibus
771 2562 889 2623 illis
939 2563 1119 2623 servis
1171 2562 1631 2624 emundabantur
1680 2563 1805 2623 sine
1847 2563 2035 2635 dubio,
2088 2563 2188 2635 qui
2227 2563 2529 2641 ἱερόδουλοι
2567 2580 2743 2624 voca-

512 2660 726 2720 bantur
765 2666 828 2719 et
864 2661 927 2718 in
966 2661 1182 2734 templo
1222 2661 1348 2734 ipso
1391 2661 1659 2721 habitare
1699 2659 1976 2720 solebant.
1988 2659 2038 2736 ⁶)

672 2758 960 2818 interdum
1021 2759 1195 2818 etiam
1253 2759 1473 2833 insigne
1528 2759 1819 2831 quoddam
1880 2758 2251 2817 simulacrum
2301 2759 2402 2817 uni
2460 2759 2747 2819 sacerdoti

514 2857 875 2915 commissum
916 2872 1041 2915 esse
1081 2861 1325 2915 constat.
1367 2856 1427 2914 in
1471 2856 1844 2916 celeberrima
1884 2855 2037 2922 enim
2075 2856 2178 2915 illa
2215 2856 2582 2928 inscriptione
2616 2853 2745 2916 An-

521 2953 727 3012 daniae
766 2958 1001 3026 reperta
1011 2953 1057 3028 ⁷>
1099 2953 1171 3012 de
1212 2952 1372 3012 fonte
1412 2952 1661 3025 quodam
1702 2953 1910 3026 agitur,
1953 2969 2132 3025 prope
2170 2969 2337 3024 quem
2363 2954 2745 3027 Proserpinae

518 3051 885 3133 simulacrum
924 3054 1054 3109 erat
1091 3055 1363 3123 erectum,
1406 3049 1559 3122 quod
1585 3048 1734 3107 idem
1764 3051 2012 3108 testatur
2037 3048 2350 3109 Pausanias
2392 3050 2520 3128 (IV,
2563 3050 2742 3126 33,4).

519 3154 580 3207 et
619 3148 790 3208 huius
832 3147 1063 3221 quidem
1122 3146 1297 3208 fontis
1357 3146 1615 3221 signique
1676 3146 1928 3221 appositi
1989 3162 2129 3205 cura
2179 3145 2255 3205 ad
2308 3147 2746 3207 Mnasistratum

517 3246 799 3319 quendam
839 3262 947 3320 per
986 3250 1167 3305 totam
1208 3245 1330 3305 eius
1368 3244 1549 3304 vitam
1581 3244 1776 3304 delata
1802 3249 1947 3318 erat,
1990 3261 2160 3318 quem
2186 3244 2543 3304 sacerdotem
2571 3244 2746 3305 fuisse

515 3360 589 3403 ex
627 3344 1017 3405 functionibus
1058 3345 1179 3405 eius
1220 3349 1425 3428 postea
1465 3343 1815 3404 enumeratis
1854 3349 2117 3418 apparet.

674 3444 853 3518 signis
893 3443 1086 3503 autem
1126 3459 1304 3517 usque
1347 3442 1423 3502 ad
1464 3443 1769 3504 novissima
1814 3442 2093 3502 Graeciae
2133 3447 2396 3515 tempora
2437 3441 2747 3515 diligenter

660 3700 705 3770 ¹)
742 3699 905 3758 Paus.
944 3700 1066 3771 VII,
1104 3702 1190 3770 23,
1229 3702 1277 3756 9.

660 3791 703 3860 ²)
743 3789 906 3847 Paus.
944 3789 1018 3859 ΙΙ,
1059 3792 1141 3859 10,
1177 3793 1228 3846 4.

661 3879 705 3948 ³)
742 3878 907 3950 plura
943 3880 1061 3934 eius
1098 3878 1181 3934 rei
1219 3877 1472 3949 exempla
1507 3894 1561 3947 p.
1600 3878 1669 3933 37
1708 3877 2136 3931 commemorata
2171 3876 2315 3930 sunt.

660 3967 705 4038 ⁴)
743 3966 854 4024 vid.
889 3968 1038 4024 Rota
1074 3968 1213 4023 tckt.
1236 3966 1306 4022 ⁴II
1342 3968 1373 4036 ξ
1412 3970 1498 4036 64,
1535 3968 1585 4024 5.

662 4057 705 4126 5)
745 4055 843 4112 cfr.
879 4056 1028 4113 Bctt.
1065 4056 1203 4113 tekt.
1241 4055 1298 4111 II
1331 4072 1385 4128 p.
1422 4058 1545 4111 460.

657 4143 706 4214 ⁶)
747 4161 894 4216 μουσ.
930 4136 1014 4198 καὶ
1051 4142 1180 4215 βιβλ.
1222 4146 1358 4199 1876
1396 4160 1450 4213 p.
1471 4146 1576 4215 ·47‚
1612 4146 1718 4199 466
1757 4175 1823 4184 -
1854 4129 2011 4198 ΒΜ.
2047 4142 2084 4198 1.
2121 4142 2158 4197 1.
2197 4159 2251 4212 p.
2289 4143 2393 4197 466
2431 4156 2553 4211 sqq.

662 4234 705 4303 ⁷)
743 4231 922 4288 Lebas
959 4231 1017 4287 II
1052 4233 1156 4288 326
1196 4248 1245 4287 a.
1989 4273 1992 4276 -
