3226 5078
1325 518 1763 580 .‚-9—

456 715 684 774 stitutus
732 719 900 774 esset.
964 714 1067 772 sed
1113 729 1227 772 non
1275 714 1415 772 item
1454 713 1525 771 de
1565 710 1681 771 alia
1718 709 2088 784 inscriptione
2127 707 2545 782 Aphrodisiade
2583 723 2675 766 re-

455 817 625 885 perta
663 811 831 887 (Leb.
873 811 963 870 ΠΙ
1007 812 1161 870 1602
1182 810 1245 886 a)
1283 809 1527 869 iudicari
1566 810 1773 882 potest.
1825 808 1925 865 ubi
1967 806 2117 866 enim
2154 807 2407 865 Adrasto
2449 805 2672 864 cuidam

457 927 494 968 a
532 908 830 967 iuvenibus
873 909 1007 986 (τοῖς
1055 906 1218 983 νέοις)
1279 923 1407 966 cum
1456 906 1600 965 alios
1650 906 1894 965 honores
1932 911 2052 963 tum
2096 910 2347 964 statuam
2387 903 2675 963 decretam

456 1024 580 1068 esse
642 1007 967 1080 expositum
1028 1010 1131 1078 est,
1196 1004 1455 1078 pergitur
1505 1004 1615 1063 ita:
1677 1003 1774 1080 τὴν
1823 1002 1883 1061 δὲ
1933 1000 2184 1061 ἀνάθεσιν
2224 1003 2321 1060 τοῦ
2363 1000 2673 1077 ἀγάλματος

456 1102 784 1182 πεποιῆσθαι
823 1102 948 1167 τοὺς
987 1102 1141 1166 νέους
1193 1100 1258 1162 ἐκ
1304 1104 1414 1160 τῶν
1466 1099 1612 1160 ἰδίων
1628 1146 1643 1173 ,
1695 1097 2117 1177 ἐπιμεληθέντος
2159 1095 2526 1177 Ἑρμογένους
2574 1099 2671 1156 τοῦ

458 1202 801 1281 Ὑψικλέους,
827 1199 979 1279 φύσει
1001 1200 1061 1259 δὲ
1075 1197 1306 1279 Ἑρμοῦ,
1327 1201 1423 1258 τοῦ
1442 1198 1809 1278 γραμματέως
1827 1201 1936 1257 τῶν
1956 1196 2110 1272 νέων,
2135 1195 2675 1275 ἐργεπιστατήσαντος

455 1299 761 1378 Παμφίλου.
809 1299 950 1358 duos
989 1298 1121 1357 inde
1162 1302 1393 1356 statuae
1426 1301 1720 1356 curatores
1754 1295 1929 1356 fuisse
1956 1294 2378 1368 cognoscimus3
2419 1299 2481 1351 et
2504 1293 2675 1352 Pam-

456 1400 647 1473 philus
688 1398 932 1470 quidem,
977 1397 1078 1469 qui
1116 1394 1563 1475 ἐργεπιστατήσας
1602 1400 1860 1464 vocatur,
1904 1399 2131 1453 statuae
2170 1393 2245 1451 ab
2286 1390 2505 1450 artifice
2544 1406 2679 1463 per-

457 1496 733 1556 ficiendae
773 1495 1089 1569 providisse
1116 1491 1552 1567 ‘perfectamque
1591 1492 1903 1565 inspexisse
1938 1494 2111 1564 atque
2136 1489 2407 1563 probasse
2432 1487 2678 1556 videtur,

456 1593 702 1653 fortasse
742 1594 878 1665 quia
914 1592 1136 1664 peritus
1177 1591 1298 1651 eius
1337 1590 1424 1649 rei
1463 1595 1591 1649 erat
1630 1589 1727 1665 (cf.
1773 1588 2000 1649 Gilbert
2036 1588 2076 1646 1.
2118 1588 2158 1646 1.
2204 1605 2261 1661 p.
2305 1586 2473 1662 249);
2524 1584 2677 1644 Her-

457 1676 756 1766 mogenem
798 1697 989 1752 autem
1030 1697 1097 1751 ut
1136 1696 1328 1753 statua
1355 1694 1663 1753 constituto
1692 1696 2001 1765 poneretur
2040 1691 2166 1749 loco
2193 1688 2509 1763 providisse
2548 1702 2680 1760 pro-

458 1789 647 1849 babile
688 1796 795 1850 est.
857 1789 1047 1850 facere
1086 1806 1202 1849 non
1241 1806 1487 1863 possum,
1529 1790 1667 1860 quin
1706 1789 1817 1848 hoc
1855 1788 1981 1847 loco
2030 1802 2479 1872 commemorem,
2524 1784 2680 1863 ἐργε-

457 1885 874 1963 πιστατήσαντος
912 1903 1111 1946 vocem
1150 1887 1213 1945 in
1252 1887 1380 1946 aliis
1408 1887 1584 1946 etiam
1610 1886 1795 1944 titulis
1823 1884 2077 1944 asiaticis
2104 1882 2472 1960 (quamquam
2497 1898 2679 1953 neque

455 1984 516 2042 in
565 1984 817 2044 Graecia
873 1986 1206 2045 inusitatam
1269 2001 1395 2044 eam
1454 1983 1629 2044 fuisse
1690 2000 1762 2042 ex
1809 1982 1988 2042 schol.
2048 1982 2109 2039 in
2158 1981 2339 2041 Arist.
2380 1981 2513 2039 Pac.
2560 1979 2673 2037 606

458 2083 719 2159 colligas)
761 2083 1079 2142 adhibitam
1119 2099 1259 2154 esse,
1299 2083 1462 2142 velut
1499 2082 1718 2155 Ephesi
1757 2079 1848 2158 (O.
1891 2081 1936 2139 Ι.
1978 2080 2049 2141 G.
2076 2079 2136 2138 11
2167 2077 2675 2139 29630—2965-

458 2181 677 2238 2966—
735 2179 887 2241 Bull.
950 2180 978 2238 I
1028 2180 1161 2254 292,
1227 2179 1347 2256 80),
1410 2179 1687 2252 Smyrnae
1738 2177 1829 2254 (Ο.
1871 2178 1919 2236 Ι.
1973 2176 2039 2237 Gr.
2084 2177 2145 2236 II
2207 2176 2391 2252 3190)
2452 2174 2681 2234 Cerami

455 2275 546 2353 (Ο.
590 2277 636 2338 Ι.
676 2275 751 2336 A.
795 2277 889 2336 HI
926 2277 1098 2353 486);
1160 2278 1262 2337 sed
1313 2277 1568 2337 omnibus
1619 2276 1712 2335 his
1760 2275 1902 2335 locis
1952 2276 2024 2335 de
2073 2275 2186 2334 alio
2228 2278 2492 2335 curatore
2534 2273 2680 2331 nihil

456 2375 682 2446 dicitur,
724 2376 874 2435 unde
916 2377 1109 2449 colligi
1148 2381 1357 2450 potest,
1399 2392 1496 2435 eos
1539 2376 1639 2447 qui
1676 2372 2214 2452 ἐργεπιστατήσαντες
2248 2378 2543 2443 vocantur,
2585 2371 2680 2430 hic

456 2472 630 2531 etiam
671 2473 1034 2533 collocandae
1073 2478 1299 2532 statuae
1338 2473 1672 2547 providisse,
1715 2477 1781 2530 ut
1819 2472 1881 2528 in
1905 2471 1997 2528 his
2022 2471 2211 2530 titulis
2234 2470 2376 2529 haec
2401 2486 2514 2529 vox
2541 2469 2685 2527 nihil

456 2572 613 2629 aliud
654 2570 934 2645 significet
971 2572 1082 2630 nisi
1122 2572 1275 2642 quod
1323 2570 1656 2643 saepissime
1708 2568 2146 2647 ἐπιμεληθέντες.
2211 2585 2340 2627 cum
2391 2573 2584 2628 autem
2623 2568 2683 2625 in

460 2685 528 2728 ea
568 2670 692 2727 sola
731 2668 802 2727 de
843 2684 957 2740 qua
996 2684 1171 2742 supra
1219 2668 1465 2727 diximus
1523 2668 1896 2741 inscriptione
1948 2668 2061 2726 duo
2111 2672 2404 2726 curatores
2443 2682 2684 2725 comme-

459 2766 665 2824 morati
726 2766 858 2839 sint,
921 2782 1209 2838 nunquam
1267 2765 1330 2823 in
1389 2765 1542 2838 aliis,
1605 2764 1739 2823 inde
1800 2781 2020 2824 summa
2069 2781 2195 2823 cum
2246 2763 2683 2823 verisimilitatis

459 2863 650 2935 specie
691 2864 940 2937 colligas,
982 2863 1126 2923 alias
1165 2865 1498 2937 plerumque
1539 2863 1779 2922 eundem
1819 2868 2143 2922 curatorem
2182 2866 2423 2934 utroque
2449 2877 2684 2919 munere

457 2959 715 3019 functum
758 2978 897 3035 esse,
949 2961 1040 3021 vel
1081 2966 1221 3032 tum,
1272 2977 1401 3020 cum
1440 2962 1504 3019 in
1542 2965 1782 3019 externa
1821 2962 1962 3019 urbe
2001 2964 2194 3019 statua
2235 2959 2387 3018 domi
2427 2957 2684 3031 perfecta

458 3059 792 3118 collocanda
818 3063 968 3119 esset
995 3055 1213 3136 (Αθήν.
1242 3059 1312 3131 V,
1344 3058 1425 3134 9).
1471 3058 1521 3117 si
1548 3059 1726 3132 igitur
1764 3058 1826 3116 in
1867 3057 2053 3117 titulis
2095 3057 2165 3115 de
2207 3061 2474 3116 curatore
2514 3056 2683 3114 modo

460 3155 665 3215 dicitur
693 3154 1117 3233 ἐπιμεληθέντος
1143 3159 1241 3233 τῆς
1267 3153 1611 3219 ἀναστάσεως
1638 3155 1815 3215 tacite
1843 3154 1934 3215 καὶ
1954 3158 2291 3232 κατασκευῆς
2311 3153 2684 3227 supplendum

463 3268 587 3313 esse
625 3254 768 3312 mihi
807 3254 1036 3326 quidem
1075 3259 1317 3316 constat.

622 3352 774 3421 quod
813 3351 863 3410 si
903 3352 1095 3424 plures
1135 3352 1302 3411 unius
1342 3356 1569 3411 statuae
1610 3356 1905 3411 curatores
1942 3351 2113 3411 electi
2148 3355 2295 3423 sunt,
2336 3350 2476 3409 licet
2501 3353 2686 3423 putes,

463 3448 568 3506 hos
608 3464 846 3506 munera
884 3448 1038 3506 inter
1076 3465 1138 3507 se
1177 3449 1422 3522 partitos
1464 3465 1617 3522 esse;
1658 3465 1843 3521 neque
1882 3449 2156 3508 abhorret
2188 3447 2433 3507 fortasse
2470 3464 2505 3506 a
2531 3462 2685 3515 vero,

465 3545 516 3602 si
556 3545 683 3617 quis
725 3544 1096 3617 contenderit,
1157 3562 1332 3603 unum
1371 3546 1661 3604 interdum
1720 3546 1864 3618 artis
1924 3546 2171 3619 peritum
2228 3546 2383 3604 inter
2431 3544 2714 3618 publicos·

465 3648 760 3702 curatores
802 3642 1073 3703 dilectum
1114 3659 1261 3717 esse;
1302 3642 1404 3702 sed
1445 3647 1664 3702 certum
1704 3643 1776 3702 de
1817 3658 1886 3701 ea
1925 3658 1989 3701 re
2029 3640 2305 3702 affirmari
2329 3641 2475 3701 nihil
2499 3645 2689 3715 potest

464 3745 522 3799 et
581 3756 858 3814 persaepe
918 3756 1064 3799 unus
1122 3739 1292 3799 modo
1353 3744 1588 3799 curator
1638 3745 1866 3798 statuae
1915 3740 2276 3813 praepositus
2315 3741 2458 3801 erat.
2539 3740 2691 3799 hunc

461 3854 636 3896 unum
695 3843 888 3898 autem
949 3835 1228 3897 artificem
1289 3838 1465 3897 etiam
1525 3837 1704 3897 fuisse
1763 3853 1876 3895 uno
1936 3838 2105 3896 modo
2164 3838 2380 3896 utimur
2430 3838 2690 3911 exemplo

464 3934 556 4010 (C.
598 3936 647 3996 Ι.
689 3936 758 3994 A.
804 3935 895 3995 III
933 3935 1099 4011 476).

624 4033 777 4093 haud
824 4050 961 4093 raro
1012 4034 1186 4093 etiam
1237 4032 1454 4093 factum
1505 4037 1611 4106 est,
1672 4040 1740 4092 ut
1797 4034 1899 4093 uni
1957 4034 2175 4094 homini
2220 4051 2334 4093 uno
2384 4034 2691 4106 eodemque

466 4134 724 4203 tempore
784 4131 1106 4205 complures
1155 4132 1596 4192 decernerentur
1644 4137 1896 4204 statuae3
1960 4132 2061 4191 sed
2108 4138 2232 4192 tum
2280 4145 2502 4205 quoque
2542 4132 2693 4189 idem

409 4249 417 4270 ·
467 4232 706 4287 curator
747 4229 1004 4288 omnibus
1044 4229 1360 4302 providisse
1398 4230 1644 4291 videtur.
1687 4230 1794 4289 hoc
1835 4234 1991 4290 certe
2033 4247 2103 4289 ex
2126 4231 2297 4290 titulo
2325 4229 2479 4303 apud
2506 4229 2693 4301 Rang.
