3226 5078
1415 527 1852 589 ...40-

514 726 715 780 contra
740 720 985 780 Verrem
1024 721 1225 780 habita
1265 721 1374 796 (IV
1421 718 1522 794 13)
1551 721 1694 779 duos
1723 719 1855 778 illos
1882 718 2091 777 fratres
2119 735 2248 777 cum
2275 720 2336 777 in
2364 719 2748 792 suspicionem

511 819 805 878 venissent
833 819 1123 892 Cibyratis
1149 817 1345 877 fanum
1373 818 1658 891 expilasse
1684 817 1985 890 Apollinis,
2029 817 2246 875 veritos
2278 833 2521 889 poenam
2546 817 2748 878 iudicii

511 917 763 989 acelegis
804 917 972 975 domo
1012 916 1335 989 profugisse
1386 915 1581 988 tradit,
1647 915 1782 974 inde
1823 931 2048 987 quoque
2099 915 2148 972 si
2197 930 2313 972 non
2364 915 2643 987 supplicio
2684 920 2750 972 at

512 1013 866 1086 gravissimis
907 1019 1064 1072 certe
1104 1013 1323 1086 poenis⁴
1356 1011 1514 1072 affici
1552 1014 1662 1071 hos
1701 1013 1953 1071 latrones
1992 1011 2194 1087 solitos
2235 1027 2357 1071 esse
2400 1018 2659 1084 apparet.

672 1114 738 1167 ut
776 1114 971 1168 autem
1013 1110 1226 1182 optime
1265 1110 1653 1183 intellegatur,
1699 1114 1914 1182 quanta
1955 1096 2266 1168 severitate
2306 1126 2379 1168 ne
2406 1109 2595 1168 dicam
2621 1127 2748 1169 cru-

511 1207 750 1266 delitate
793 1207 1003 1266 Graeci
1055 1207 1345 1266 interdum
1383 1206 1475 1265 usi
1517 1207 1635 1266 sint
1674 1207 1736 1263 in
1777 1222 1891 1279 eos,
1936 1206 2037 1278 qui
2075 1207 2169 1264 vel
2209 1205 2379 1265 inscii
2420 1207 2557 1278 quid
2599 1224 2751 1267 com-

511 1304 825 1372 mitterent,
868 1305 923 1361 in
965 1304 1200 1363 deorum
1227 1305 1536 1363 simulacra
1560 1308 1956 1377 peccaverant,
1986 1320 2168 1377 grave
2197 1306 2517 1378 exemplum
2545 1303 2751 1365 afferre

509 1402 686 1461 liceat
726 1419 762 1461 a
787 1402 1076 1460 Pausania
1114 1402 1287 1477 (VIH
1316 1403 1409 1474 23,
1443 1401 1506 1477 6)
1533 1402 1824 1475 proditum
1851 1402 2185 1462 memoriae.
2248 1402 2577 1476 Condyleae
2596 1403 2751 1460 enim

508 1501 786 1573 templum
827 1505 1002 1572 atque
1041 1500 1410 1558 simulacrum
1452 1501 1718 1558 exstabat
1743 1499 1996 1559 Dianae:
2038 1501 2119 1557 ibi
2160 1505 2356 1559 autem
2395 1517 2524 1558 cum
2564 1516 2748 1572 quon-

509 1596 641 1655 dam
691 1597 848 1656 circa
886 1597 1160 1670 templum
1204 1597 1372 1671 pueri
1409 1597 1700 1669 luderent,
1765 1596 1961 1656 funem
1999 1614 2105 1670 per
2146 1613 2342 1656 casum
2383 1597 2747 1670 reperierunt

508 1710 752 1766 eumque
793 1694 941 1753 collo
967 1694 1263 1753 simulacri
1289 1694 1610 1767 affigerunt,
1654 1694 1908 1753 Dianam
1934 1711 2059 1754 sese
2087 1695 2444 1769 strangulari
2472 1695 2740 1756 dicentes.

508 1791 661 1850 cives
721 1807 860 1850 vero
923 1808 1051 1850 cum
1101 1792 1212 1851 hoc
1251 1791 1817 1865 animadvertissent,
1882 1796 2048 1851 tanta
2088 1792 2287 1852 affecti
2328 1798 2463 1852 sunt
2501 1793 2616 1867 ira,
2678 1798 2748 1850 ut

505 1904 715 1960 pueros
758 1890 955 1948 statim
996 1895 1196 1962 captos
1237 1889 1528 1963 lapidibus
1569 1890 1898 1948 obruerent.

667 1986 930 2045 addimus
982 1986 1252 2060 denique,
1315 2003 1433 2046 non
1484 1988 1694 2045 minori
1733 2003 1919 2060 poena
1960 2004 2058 2057 eos
2098 1987 2334 2046 affectos
2375 2003 2502 2047 esse
2542 1987 2743 2060 videri,

506 2083 605 2154 qui
631 2082 849 2142 Tiberii
887 2082 1245 2156 temporibus
1284 2084 1345 2141 in
1381 2084 1802 2156 imperatorum
1829 2085 2215 2144 Romanorum
2242 2085 2412 2159 signa
2437 2086 2576 2157 quid
2598 2101 2746 2144 com-

503 2179 813 2238 misissent.
893 2184 1098 2237 narrat
1146 2180 1298 2237 enim
1338 2180 1724 2239 Philostratus
1738 2179 1784 2255 ¹)
1833 2182 1978 2240 haec
2028 2182 2195 2253 signa
2235 2182 2592 2254 temporibus
2630 2182 2746 2240 illis

503 2277 566 2335 in
606 2293 822 2348 summo
873 2282 1029 2335 metu
1070 2277 1271 2335 habita
1310 2279 1605 2350 multoque
1633 2278 1923 2336 sanctiora
1957 2278 2213 2337 iudicata
2241 2295 2364 2338 esse
2391 2296 2562 2352 quam
2590 2280 2628 2339 J
2628 2280 2747 2339 ovis

504 2374 755 2447 Olympii
795 2373 1180 2434 simulacrum.
1241 2372 1487 2432 efficitur
1527 2374 1679 2444 inde,
1724 2374 2119 2433 crudelissime
2161 2375 2260 2446 qui
2301 2375 2463 2448 signa
2489 2376 2594 2434 illa
2619 2377 2743 2434 lae-

505 2473 642 2531 dere
684 2473 808 2531 ausi
860 2477 1067 2546 essent,
1112 2490 1149 2531 a
1188 2471 1424 2531 Tiberio
1436 2472 1485 2548 ²)
1527 2473 1763 2547 punitos
1804 2489 1955 2538 esse;
2019 2489 2204 2546 neque
2242 2473 2354 2532 hoc
2394 2473 2670 2532 abhorret
2711 2491 2747 2533 a

501 2572 760 2631 moribus
827 2575 975 2646 eius,
1043 2588 1172 2631 cum
1238 2573 1332 2632 vel
1391 2573 1452 2631 in
1504 2589 1601 2632 eos
1644 2573 1742 2645 qui
1781 2588 2041 2631 nummos
2080 2572 2449 2644 imperatoris
2489 2571 2744 2646 imagine

503 2670 755 2743 signatos
796 2671 1285 2743 contempsissent,
1330 2670 1578 2729 ridicula
1619 2687 1854 2743 prorsus
1895 2670 2209 2729 severitate
2250 2686 2387 2729 usus
2428 2675 2596 2731 esset.

665 2768 837 2826 etiam
866 2767 938 2825 de
964 2767 1055 2840 iis,
1101 2768 1199 2839 qui
1224 2767 1514 2826 hominum
1542 2767 1906 2826 violaverant
1932 2772 2155 2826 statuas
2184 2767 2533 2840 supplicium
2559 2767 2746 2826 inter—

503 2855 639 2921 dum
679 2869 968 2936 sumptum
1010 2880 1136 2923 esse
1176 2869 1419 2923 constat.
1493 2864 1747 2922 Pelarmi
1788 2865 1940 2922 enim
1981 2863 2088 2922 filii
2128 2881 2258 2923 cum
2299 2865 2360 2922 in
2401 2865 2747 2924 Hecatomni

503 2961 662 3034 regis
700 2965 951 3019 statuam
979 2961 1222 3034 Mylasis
1250 2961 1588 3020 collocatam
1598 2958 1647 3036 ³)
1686 2965 2021 3032 peccassent
2063 2967 2123 3020 et
2147 2963 2260 3020 hoc
2299 2962 2468 3020 modo
2512 2962 2748 3021 donaria

502 3074 617 3116 non
678 3058 862 3116 solum
914 3074 1081 3117 sacra
1119 3058 1220 3117 sed
1260 3058 1437 3117 etiam
1476 3051 1915 3131 rempublicam,
1981 3059 2052 3117 de
2094 3075 2208 3131 qua
2249 3060 2465 3132 optime
2505 3058 2744 3118 meritus

502 3160 630 3216 erat
654 3155 1066 3226 Hecatomnus‚
1108 3155 1430 3229 laesissent,
1474 3155 1590 3223 ipsi
1634 3155 1841 3229 capitis
1884 3154 2158 3229 damnati,
2202 3158 2355 3215 bona
2381 3161 2573 3215 autem
2600 3172 2749 3229 quae

501 3252 873 3325 possidebant
937 3253 1125 3312 omnia
1187 3257 1392 3325 erepta
1451 3252 1523 3311 iis
1584 3258 1759 3324 atque
1808 3252 2104 3325 publicata
2145 3258 2297 3311 sunt.
2383 3253 2485 3312 sed
2524 3269 2598 3311 ne
2638 3253 2748 3311 hoc

501 3348 733 3421 quidem
773 3348 913 3408 satis
954 3348 1281 3407 videbatur:
1346 3348 1612 3408 additum
1652 3349 1827 3417 enim,
1873 3365 2002 3408 eum
2044 3365 2273 3423 quoque
2314 3367 2458 3432 cum⁴
2486 3351 2745 3409 omnibus

502 3445 903 3506 trucidandum
948 3461 1075 3507 esse
1116 3446 1389 3519 cognatis,
1433 3447 1532 3518 qui
1572 3462 1823 3519 unquam
1863 3463 1970 3519 pro
2012 3446 2085 3505 iis
2113 3448 2249 3519 quid
2278 3448 2474 3507 facere
2501 3464 2744 3506 ausurus

502 3549 671 3616 esset,
718 3542 874 3602 unde
915 3542 1181 3616 effugisse
1224 3559 1323 3602 eos
1363 3544 1679 3617 collegeris.

660 3640 993 3714 plerumque
1056 3646 1250 3700 autem
1308 3645 1429 3699 tam
1490 3657 1694 3714 graves
1754 3656 1973 3713 poenae
2022 3641 2145 3700 sine
2188 3641 2362 3700 dubio
2403 3658 2519 3699 non
2560 3646 2741 3714 erant,

500 3738 809 3811 praecipue
837 3754 966 3796 cum
994 3738 1062 3797 de
1089 3738 1303 3810 privati
1331 3738 1626 3797 cuiusdam
1652 3738 1840 3811 ignoti
1867 3742 2060 3797 statua
2086 3742 2378 3812 ageretur.
2443 3745 2566 3798 tum
2594 3739 2742 3798 enim

500 3833 560 3891 in
601 3850 760 3893 more
792 3835 981 3894 'fuisse
1015 3835 1263 3918 videtur,
1306 3841 1374 3894 ut
1398 3836 1470 3894 iis
1498 3836 1596 3907 qui
1624 3835 1934 3895 violassent
1961 3839 2212 3894 statuam
2240 3840 2433 3895 certae
2462 3836 2740 3909 pecuniae

647 3966 687 4035 ²)
725 3965 786 4019 in
821 3964 937 4020 vita
970 3965 1160 4034 Apoll.
1199 3963 1227 4019 I
1258 3966 1343 4021 15.

642 4054 686 4123 ²)
726 4053 867 4108 alios
890 4054 1259 4123 imperatores
1283 4070 1397 4109 non
1420 4056 1580 4109 tanta
1602 4052 1776 4110 fuisse
1801 4054 2100 4110 severitate
2124 4057 2345 4110 constat
2358 4077 2374 4124 ;
2414 4053 2510 4111 cfr.
2535 4053 2741 4110 Friedl.

501 4142 724 4212 sitteng.
761 4141 846 4197 111
883 4158 939 4212 p.
995 4144 1100 4198 210
1135 4144 1249 4198 not.
1307 4144 1358 4198 8.

645 4230 690 4302 ³)
730 4247 876 4285 anno
914 4233 1051 4285 ante
1086 4229 1214 4290 Chr.
1254 4232 1384 4299 3503
1421 4230 1536 4286 vid.
1573 4229 1634 4286 C.
1672 4229 1716 4287 Ι.
1756 4229 1822 4287 G.
1855 4230 1916 4287 11
1954 4233 2089 4287 2691
2113 4232 2164 4290 d.
