3226 5078
1378 504 1639 585 -.59
1733 542 1813 552 ..

485 700 648 773 didit3
717 701 818 760 sed
877 699 1120 759 forsitan
1170 717 1244 758 ne
1294 701 1404 760 hoc
1453 699 1684 773 quidem
1734 682 2140 773 neglegentiae
2192 698 2272 757 sit
2309 697 2696 769 tribuendum,

477 814 604 857 cum
652 799 832 857 multo
883 798 999 856 iam
1048 803 1218 859 antea
1267 798 1437 857 valde
1491 799 1839 872 depopulata
1877 797 1979 861 illa
2017 796 2158 856 urbs
2196 796 2372 856 fuisse
2411 796 2691 859 videatur.

636 895 930 955 Lucianus
979 895 1185 954 deinde
1233 897 1293 953 in
1334 896 1761 969 pretiosissimis
1801 896 1916 954 illis
1957 896 2190 955 colossis
2233 911 2303 954 ex
2344 911 2486 953 auro
2528 898 2701 966 atque

476 993 647 1052 ebore
687 993 1017 1066 compositis
1057 998 1212 1052 totos
1253 994 1500 1052 murium
1525 1010 1737 1067 greges
1764 976 2174 1067 rempublicam
2198 991 2468 1052 habuisse
2496 996 2700 1051 auctor

475 1096 564 1150 est
578 1092 654 1166 ¹);
695 1091 949 1150 Plinium
989 1096 1181 1150 autem
1221 1096 1553 1150 narrantem
1580 1091 1860 1164 audimus,
1903 1092 2140 1151 herbam
2166 1091 2226 1149 in
2256 1090 2446 1162 capite
2474 1093 2701 1148 statuae

476 1192 667 1247 natam
719 1183 1130 1261 collectamque
1181 1189 1426 1248 alicuius
1474 1190 1535 1247 in
1595 1190 1773 1249 vestis
1833 1205 2087 1263 pannum
2138 1194 2199 1248 et
2236 1188 2540 1260 inligatam
2580 1188 2700 1245 lino

474 1284 603 1345 rufo
665 1287 872 1360 capitis
924 1286 1187 1347 'dolorem
1249 1287 1550 1348 confestim
1611 1288 1813 1347 sedare
1863 1288 2036 1346 tradi.
2048 1286 2098 1362 ²)
2177 1285 2474 1346 novissimi
2524 1286 2698 1344 etiam

475 1385 601 1444 aevi
643 1385 961 1458 exemplum
1003 1385 1208 1445 afferre
1247 1386 1440 1447 liceat.
1524 1385 1742 1460 Gyciae
1784 1385 1937 1444 enim
1976 1385 2255 1444 Lamachi
2294 1384 2446 1443 filiae
2499 1382 2701 1442 Chersi

477 1483 537 1540 in
577 1483 770 1555 platea
810 1482 968 1542 urbis
1008 1490 1205 1560 (quam
1245 1482 1398 1543 bello
1441 1481 1799 1558 servaverat)
1839 1498 2050 1542 aeneae
2092 1482 2239 1541 duae
2279 1466 2504 1540 statuae
2533 1482 2699 1539 erant

476 1585 719 1639 erectae.
738 1577 788 1656 ³)
868 1580 955 1639 sin
1006 1586 1202 1640 autem
1253 1582 1379 1654 quis
1429 1580 1656 1640 honesti
1696 1580 1980 1640 amantior
2020 1596 2088 1639 eo
2129 1585 2387 1652 tempore
2429 1578 2704 1651 cupiebat·

477 1677 736 1750 iudicari,
781 1678 966 1737 basim
1006 1679 1457 1751 quandocunque
1497 1680 1799 1752 purgabat,
1842 1683 1907 1737 ut
1933 1678 2046 1752 legi
2072 1682 2283 1751 posset,
2328 1682 2604 1749 quantum
2632 1675 2703 1733 de

475 1774 672 1847 patria
710 1776 852 1835 haec
878 1769 1044 1850 virgo
1074 1781 1231 1836 esset
1257 1778 1489 1835 merita:
1535 1777 1907 1849 magistratus
1934 1776 2116 1849 igitur
2143 1775 2358 1848 publici
2385 1774 2703 1848 providisse

479 1872 615 1932 huic
653 1875 741 1933 rei
781 1890 895 1933 non
935 1877 1050 1932 iam
1090 1875 1360 1934 videntur
1398 1874 1517 1933 illis
1552 1873 1928 1947 temporibus,

635 1971 947 2037 laesionem
1009 1971 1251 2043 denique
1300 1970 1488 2030 subito
1539 1973 1602 2028 in
1651 1973 1841 2030 statua
1889 1969 2135 2043 quadam
2187 1971 2371 2028 ortam
2427 1967 2628 2027 infelix
2668 1983 2705 2024 a

486 2067 722 2126 Graecis
763 2068 1078 2128 iudicatum
1120 2084 1242 2127 esse
1285 2085 1453 2127 omen
1492 2068 1869 2142 adiungimus.
1938 2072 2181 2127 mortem
2224 2067 2372 2125 enim
2410 2064 2703 2139 Lysandri

483 2164 789 2238 significh
828 2167 1130 2239 putabant,
1172 2174 1300 2225 c'um
1338 2167 1398 2224 in
1441 2166 1630 2239 capite
1671 2171 1899 2225 statuae
1940 2166 2061 2226 eius
2102 2165 2345 2238 Delphis
2386 2151 2699 2223 collocatae

482 2264 758 2353 acanthus
786 2269 1022 2337 repente
1050 2270 1336 2324 cresceret
1377 2270 1436 2322 et
1461 2265 1621 2324 velut
1647 2281 1858 2324 corona
1897 2263 2143 2323 frontem
2194 2262 2346 2336 signi
2373 2257 2702 2336 cingeret.⁴)

1381 2506 1804 2514 ———-—-————

1538 2738 1645 2798 ΙΙΙ.

560 2886 853 2946 Statuae
904 2888 1240 2960 quomodo
1283 2894 1572 2946 ornatae
1616 2887 1686 2946 et
1726 2887 1978 2960 quibus
2020 2886 2191 2946 aliis
2231 2884 2627 2945 honoribus

1324 2982 1633 3044 affectae
1682 2984 1843 3042 sint.

637 3117 844 3178 Paucis
896 3135 1040 3191 quae
1081 3119 1249 3178 modo
1291 3120 1589 3179 attulimus
1632 3120 1907 3192 exemplis
1948 3121 2087 3179 satis
2116 3120 2538 3193 comprobatur,
2581 3119 2705 3191 ple-

482 3231 721 3287 rumque
771 3221 832 3274 et
881 3218 1189 3289 praecipue
1238 3218 1441 3290 priscis
1483 3217 1837 3290 temporibus
1876 3217 2046 3291 signa
2087 3218 2277 3276 omnia
2316 3233 2537 3275 summa
2578 3232 2707 3275 cum

480 3312 774 3386 diligentia
825 3320 1164 3374 conservata
1216 3330 1360 3374 esse.
1442 3315 1591 3386 quod
1632 3315 1783 3374 idem
1824 3316 2003 3374 multo
2046 3318 2226 3389 magis
2266 3315 2398 3374 inde
2441 3320 2702 3389 apparet,

481 3411 633 3482 quod
683 3427 967 3484 nunquam
1016 3411 1138 3472 fere
1190 3413 1330 3472 satis
1380 3413 1684 3473 videbatur
1726 3414 1980 3484 Graecis,
2022 3415 2109 3472 ita
2147 3414 2316 3473 modo
2358 3413 2534 3486 signis
2577 3428 2705 3470 con-

480 3508 738 3580 suluisse,
791 3514 859 3568 ut
910 3509 1133 3568 modice
1182 3515 1677 3579 conservarentur,
1740 3516 1805 3569 ut
1853 3528 2131 3584 persaepe
2182 3512 2405 3571 coronis
2443 3511 2536 3570 vel
2576 3511 2707 3569 aliis

482 3606 826 3676 ornamentis
878 3623 949 3665 ea
1000 3606 1295 3680 cingerent
1344 3614 1729 3681 quantumque
1780 3615 2015 3682 possent
2053 3610 2113 3667 in
2154 3610 2369 3669 honore
2407 3609 2703 3669 haberent.

482 3708 541 3761 et
588 3705 897 3778 praecipue
950 3705 1178 3777 quidem
1221 3705 1459 3764 deorum
1500 3707 1807 3766 simulacra
1848 3707 1969 3767 eius
1997 3706 2218 3766 arboris
2244 3707 2403 3767 foliis
2443 3713 2504 3766 et
2529 3708 2708 3766 ramis

627 3873 668 3939 ¹)
708 3871 838 3941 Jup.
875 3873 1018 3940 trag.
1057 3873 1091 3926 8
1128 3900 1196 3912 -
1235 3872 1414 3941 gallus
1453 3875 1538 3928 24.
1578 3871 1674 3929 cfr.
1711 3872 1922 3930 Arnob.
1962 3874 2083 3930 adv.
2122 3890 2173 3943 g.
2210 3874 2286 3928 VI
2329 3877 2409 3931 16.

625 3959 668 4031 2)
707 3959 760 4015 h.
799 3977 853 4015 n.
890 3959 1065 4016 XXIV
1107 3964 1223 4017 106.
1262 3959 1358 4018 cfr.
1394 3960 1600 4018 Athen.
1636 3962 1732 4017 XV
1772 3964 1871 4017 681
1898 3979 1944 4019 e.

626 4047 668 4116 ³)
709 4046 896 4104 Const.
933 4048 1273 4120 Porphyrog.
1312 4051 1381 4105 de
1417 4050 1559 4106 adm.
1597 4051 1830 4120 imperio
1868 4052 1953 4107 53.

625 4135 668 4204 ⁴¹)
711 4134 822 4195 Cic.
862 4137 929 4191 de
967 4138 1133 4194 divin.
1172 4140 1257 4194 32.
1314 4138 1409 4198 cfr.
1436 4138 1598 4195 Paus.
1627 4139 1677 4195 X
1718 4141 1800 4210 15,
1838 4141 1870 4194 5
1914 4170 1975 4179 —
2014 4139 2159 4196 Plut.
2196 4141 2264 4196 de
2289 4140 2449 4212 Pyth.
2477 4131 2704 4196 or.‘3-

485 4222 708 4279 Sueton.
746 4224 930 4280 Vitell.
972 4228 1020 4282 9.
