3226 5078
1339 537 1779 600 ...27-

442 734 784 806 plerumque
823 734 1089 807 impediti
1130 750 1255 793 esse
1295 728 1669 807 videantur,¹)
1694 735 1818 790 tum
1844 746 2112 789 numerus
2139 735 2459 789 statuarum
2485 728 2669 787 maior

441 831 558 889 sine
599 830 770 889 dubio
815 836 960 897 erat,
1005 847 1175 903 quam
1214 833 1281 888 ut
1319 846 1463 888 unus
1504 829 1760 888 omnibus
1799 829 2094 887 consulere
2126 831 2321 901 posset
2354 825 2657 899 erigendis.

438 928 575 1000 quin
616 928 787 988 etiam
830 929 881 987 si
920 929 1032 986 hoc
1072 931 1299 1002 gratum
1339 925 1598 985 fecerant
1636 925 1984 999 reipublicae
2023 924 2401 996 institutores,
2447 927 2512 980 ut
2548 922 2662 996 ipsi

307 1082 316 1093 ,
437 1026 712 1098 pecunias
775 1025 849 1084 ad
910 1025 1277 1084 statuendum
1338 1024 1558 1098 signum
1618 1023 1972 1083 necessarias
2039 1022 2342 1093 solverent,
2411 1037 2482 1080 ne
2544 1025 2666 1079 tum

441 1121 670 1194 quidem
701 1139 800 1182 eos
848 1122 1004 1196 ipsos
1054 1122 1155 1181 sed
1190 1122 1334 1181 alios
1370 1120 1645 1193 quosdam
1684 1120 2051 1194 magistratus
2080 1118 2342 1192 publicos
2370 1122 2665 1178 curatores

441 1220 797 1286 invenimus;
843 1223 902 1278 et
941 1219 1179 1278 Attudis
1220 1218 1448 1291 quidem
1490 1217 1634 1277 duos
1674 1218 2008 1291 epimeletas
2045 1215 2137 1293 (O.
2166 1216 2213 1274 I.
2247 1216 2316 1276 G.
2344 1217 2435 1275 ΠΙ
2462 1216 2663 1293 3952),

441 1317 848 1391 Philadelphia
908 1322 1099 1377 autem
1159 1316 1339 1391 (Bull.
1382 1317 1410 1374 I
1452 1334 1508 1390 p.
1568 1318 1661 1389 84,
1711 1315 1808 1392 14)
1873 1331 2245 1374 oeconomum
2307 1314 2463 1373 urbis
2523 1314 2666 1374 haec

442 1413 633 1472 officia
673 1430 779 1486 pro
821 1413 938 1473 illis
977 1414 1333 1487 praestitisse
1385 1413 1673 1474 discimus.
1755 1428 1871 1471 non
1928 1429 2060 1471 raro
2123 1411 2329 1472 deinde
2389 1411 2668 1471 accidisse

444 1511 689 1583 videtur,
746 1516 813 1569 ut
851 1527 964 1569 non
1014 1511 1373 1570 institutores
1431 1511 1603 1570 modo
1663 1511 1929 1569 ludorum
1990 1510 2091 1570 sed
2141 1510 2242 1569 alii
2292 1525 2513 1582 quoque
2564 1511 2666 1567 aut

445 1609 819 1681 magistratus
859 1612 960 1666 aut
998 1607 1210 1682 privati
1251 1613 1506 1682 sumptus
1546 1608 1622 1667 ad
1670 1612 1890 1668 statuas
1931 1606 2209 1679 quasdam
2263 1607 2671 1680 exsculpendas

442 1705 795 1764 necessarias
834 1722 938 1778 pro
979 1706 1279 1779 republica
1321 1706 1629 1766 solverent.
1711 1706 1870 1764 velut
1924 1721 1960 1762 a
2009 1708 2209 1763 senatu
2251 1705 2355 1763 has
2395 1704 2666 1777 pecunias

442 1805 659 1863 solutas
700 1819 824 1862 0880
864 1802 1139 1879 constat2)
1183 1807 1242 1860 et
1283 1820 1320 1861 a
1359 1807 1592 1861 senatus
1632 1802 1891 1875 principe
1932 1801 2103 1878 (Leb.
2145 1801 2236 1859 111
2278 1801 2451 1877 655);
2492 1802 2552 1859 in
2575 1801 2664 1859 ’11-

439 1902 561 1958 11110
606 1904 798 1960 autem
833 1900 1055 1974 Ephesi
1089 1906 1324 1972 reperto
1364 1899 1534 1974 (Leb.
1573 1899 1665 1958 III
1697 1900 1834 1975 139)
1863 1898 2089 1958 Phaeni
2114 1897 2323 1957 Fausti
2364 1904 2670 1971 cognatum

442 1998 629 2073 (cuius
692 2014 896 2056 nomen
956 1996 1174 2072 periit),
1235 1997 1523 2069 privatum
1584 1996 1707 2055 sine
1757 1995 1924 2055 dubio
1940 2039 1953 2063 ,
2004 1995 2303 2054 laudatum
2351 1994 2668 2053 invenimus

442 2096 735 2153 hominem
777 2094 849 2152 de
890 2095 1185 2167 republica
1225 2095 1369 2153 bene
1409 2094 1696 2168 meritum,
1739 2093 1873 2173 quia
1913 2096 2137 2153 statuas
2164 2092 2479 2152 victoribus
2508 2091 2668 2150 dedi·-

445 2197 658 2264 casset3
699 2191 952 2250 videmus
985 2190 1180 2265 igitur,
1223 2191 1427 2250 divites
1465 2191 1739 2263 quosdam
1780 2191 1956 2250 etiam
1992 2191 2052 2249 in
2089 2191 2197 2250 hac
2223 2206 2289 2248 re
2317 2188 2667 2262 reipublicae

441 2289 785 2349 subvenisse.
832 2288 1181 2347 collocandis
1222 2293 1417 2347 autem
1456 2290 1661 2348 statuis
1701 2293 1826 2347 tum
1868 2305 1966 2348 eos
2008 2288 2107 2361 qui
2147 2289 2405 2361 sumptus
2452 2290 2673 2357 ceteros

441 2390 810 2461 susceperant
851 2392 955 2445 aut
1000 2386 1157 2460 ipsos
1205 2386 1524 2459 providisse
1586 2395 1690 2445 aut
1749 2391 2044 2446 curatores
2105 2385 2248 2446 alios
2310 2384 2672 2445 constituisse

439 2482 800 2543 manifestum
853 2488 943 2543 081
981 2487 1155 2555 atque
1195 2483 1456 2556 exemplo
1498 2484 1903 2557 comprobatur
1943 2483 2306 2561 luculent0.³)
2351 2499 2478 2543 cum
2519 2481 2670 2539 enim

440 2580 872 2654 Aphrodisiade
913 2580 1009 2655 (O.
1047 2580 1098 2640 Ι.
1143 2579 1208 2639 Gr.
1258 2580 1319 2639 II
1361 2581 1544 2658 2811)
1586 2586 1821 2641 senatus
1848 2581 1919 2641 de
1949 2598 2053 2640 sua
2078 2581 2324 2655 pecunia
2348 2579 2669 2639 Menandro

446 2678 673 2737 cuidam
699 2680 929 2749 victori,
960 2679 1254 2739 oeconomi
1279 2684 1511 2740 senatus
1536 2680 1677 2749 filio,
1717 2685 1968 2741 statuam
2007 2682 2232 2756 erigere
2261 2680 2667 2752 constituisset,

444 2776 760 2850 principem
799 2777 934 2836 huic
971 2777 1193 2835 muneri
1234 2776 1529 2849 praefecit.

606 2873 849 2947 denique
887 2880 1075 2934 certas
1112 2893 1334 2950 quoque
1373 2876 1444 2935 de
1482 2877 1692 2936 statuis
1726 2877 1815 2937 his
1853 2878 2135 2952 erigendis
2175 2878 2335 2952 leges
2385 2879 2673 2938 exstitisse

442 2970 601 3044 apud
665 2971 919 3031 Graecos
979 2974 1550 3046 praetermittendum
1611 2991 1729 3033 non
1789 2992 1911 3035 esse
1970 2975 2200 3035 silentio
2253 2975 2532 3037 duximus.
2613 2976 2673 3033 in

441 3067 509 3127 C.
552 3069 599 3127 Ι.
645 3068 714 3129 G.
758 3070 788 3128 I
833 3071 988 3130 1424
1028 3072 1181 3130 0111111
1218 3072 1392 3134 1111110
1429 3088 1630 3132 sacrae
1669 3077 2187 3132 commemorantur
2218 3072 2392 3145 leges,
2432 3087 2506 3132 ex
2545 3072 2673 3146 qui-

445 3167 555 3224 bus
596 3167 831 3227 victoris
872 3169 999 3240 quis
1039 3173 1291 3229 statuam
1333 3169 1712 3229 dedicaverit:
1766 3169 1949 3229 simile
1998 3169 2059 3227 in
2107 3167 2174 3230 O.
2226 3169 2272 3229 I.
2325 3169 2393 3230 G.
2443 3171 2471 3228 I
2521 3170 2672 3229 1378

447 3262 822 3336 inscriptione
849 3266 1084 3339 legitur.
1165 3268 1256 3325 his
1283 3267 1501 3341 legibus
1529 3283 1677 3339 quae
1702 3266 2059 3341 praescripta
2084 3266 2299 3326 fuerint
2335 3284 2672 3340 quamquam

449 3359 622 3432 plane
663 3377 775 3420 non
818 3364 1211 3437 comperimus,
1254 3369 1446 3424 tamen
1486 3366 1556 3424 de
1591 3365 1985 3438 magnitudine
2025 3370 2085 3424 et
2120 3381 2323 3440 genere
2351 3369 2671 3424 statuarum

453 3459 813 3520 curatoribus
853 3467 1166 3535 praecepta
1207 3462 1487 3533 quaedam
1529 3463 1667 3522 data
1709 3479 1832 3523 0880
1871 3462 2167 3536 probabile
2206 3462 2503 3538 videtur.⁴)

591 3717 631 3785 ¹)
664 3716 772 3773 vid.
810 3714 1033 3786 Kohler,
1068 3718 1212 3774 mitt.
1248 3717 1345 3774 des
1381 3718 1567 3776 athen.
1600 3719 1731 3775 inst.
1765 3718 1848 3774 111
1881 3719 2008 3775 235.

592 3807 634 3875 ²)
671 3820 797 3862 cnm
830 3807 1116 3864 oeconomi
1151 3810 1372 3864 senatus
1409 3807 1522 3863 filio
1559 3810 1751 3864 statua
1786 3808 2109 3878 erigeretur,
2147 3807 2211 3865 G.
2232 3807 2276 3866 Ι.
2319 3807 2386 3866 G.
2425 3808 2479 3864 Π
2514 3809 2671 3865 2811.

590 3893 636 3963 ⁸)
673 3896 954 3952 curatores
990 3898 1110 3952 tum
1144 3895 1305 3952 modo
1342 3913 1377 3952 a
1411 3897 1697 3968 republica
1733 3897 1849 3953 dati
1885 3913 2007 3953 esse
2041 3897 2317 3969 videntur,
2360 3914 2482 3954 cum
2520 3897 2673 3953 insti·

449 3983 661 4037 tutores
713 3981 973 4039 ludorum
1021 3985 1130 4054 ipsi
1178 3987 1433 4055 sumptus
1483 4001 1672 4046 omnes
1720 3984 1961 4042 facturos
2008 4002 2069 4042 se
2106 4002 2229 4043 0880
2264 3986 2673 4058 promisissent:

449 4068 557 4125 vid.
594 4071 745 4126 tituli
785 4088 954 4142 supra
990 4072 1198 4129 laudati
1234 4072 1298 4131 Ο.
1341 4073 1384 4130 Ῑ.
1425 4073 1493 4132 G.
1525 4073 1608 4130 III
1645 4074 1785 4131 3952
1822 4077 1880 4131 et
1914 4074 2059 4131 Buil.
2096 4075 2124 4131 I
2157 4092 2214 4147 p.
2250 4078 2339 4142 84,
2379 4079 2463 4133 14.

589 4159 633 4229 ⁴)
670 4158 782 4215 vid.
818 4158 1054 4231 Krause,
1092 4160 1352 4234 Olympia
1386 4177 1441 4232 p.
1482 4164 1581 4219 141
1620 4166 1736 4221 not.
1772 4164 1857 4220 43.
