3226 5078
415 4002 419 4008 ν
482 4045 725 4114 apparet.

1379 505 1815 570 -67-

496 704 683 764 ornati
730 703 983 775 coronis;
1042 700 1362 760 Pausaniae
1375 699 1422 776 ¹)
1471 707 1667 761 autem
1719 703 2071 778 temporibus
2119 718 2358 762 coronas
2398 701 2530 761 illas
2567 705 2701 761 ante

496 802 589 860 dei
627 801 854 874 signum
896 800 1256 889 deponebant
1297 803 1355 858 et
1379 799 1487 858 loti
1512 800 1573 858 in
1612 799 1783 860 fluvio
1809 801 2129 874 iteiumque
2171 800 2271 860 sed
2295 799 2508 860 hedera
2534 815 2699 859 coro-

493 898 614 958 nati
673 899 749 957 ad
789 899 1173 971 Aesymnetae
1233 899 1507 972 templum
1566 899 1930 959 accedebant.
1943 895 1991 974 ²)
2072 897 2377 970 eademque
2436 898 2498 956 in
2557 898 2700 958 urbe

493 996 657 1063 lucus
699 1000 826 1055 erat
863 995 1077 1054 Libero
1118 1011 1277 1054 sacer
1290 1039 1304 1067 ,
1348 994 1410 1052 in
1449 1012 1560 1067 quo
1601 997 1716 1056 tria
1756 997 1874 1055 eius
1914 994 2215 1055 exstabant
2253 993 2492 1070 signa2),
2531 1004 2701 1067 ‘quae

494 1093 817 1154 constitutis
876 1092 1076 1152 diebus
1136 1093 1196 1150 in
1245 1091 1442 1151 Liberi
1481 1093 1864 1171 Aesymnetae
1904 1094 2175 1167 templum
2216 1091 2635 1152 deferebantur.
2647 1093 2697 1168 ⁴)

494 1193 683 1251 simile
722 1191 966 1265 Sicyone
1007 1206 1231 1263 quoque
1271 1195 1463 1251 actum
1503 1207 1629 1250 esse
1670 1196 1909 1251 constat.
1917 1189 1964 1267 ⁵)
2024 1191 2108 1250 ibi
2148 1191 2298 1249 enim
2337 1190 2699 1269 κοσμητήριον

494 1295 620 1349 erat
680 1295 965 1349 secretum
1008 1289 1092 1367 (h.
1140 1305 1194 1351 e.
1246 1289 1393 1349 cella
1435 1289 1774 1365 ornatoria)‚
1832 1306 1905 1348 ex
1952 1306 2064 1362 quo
2116 1293 2271 1349 stata
2320 1293 2486 1347 nocte
2534 1289 2701 1361 signa

493 1388 774 1460 quaedam
825 1388 882 1445 in
931 1386 1130 1446 Liberi
1179 1388 1454 1460 templum
1495 1385 1811 1446 educebant
1850 1385 2124 1461 Sicyonii3
2164 1384 2320 1445 faces
2373 1391 2563 1445 autem
2604 1387 2696 1446 his

494 1501 761 1545 accensas
801 1484 1201 1559 praeferebant
1238 1484 1553 1559 patriisque
1595 1484 1856 1544 cantibus
1878 1501 2163 1561 ‚pompam
2196 1480 2695 1558 persequebantur.

489 1599 731 1656 pompae
783 1583 963 1642 veluti
1013 1582 1128 1642 dux
1170 1587 1296 1642 erat
1334 1599 1503 1655 quem
1542 1582 1833 1641 Bacchum
1871 1583 2240 1643 nominabant
2280 1581 2352 1641 ab
2392 1580 2698 1641 Androda-

487 1686 676 1740 mante
718 1680 1004 1740 Phliantis
1051 1679 1172 1739 filio
1213 1680 1461 1748 dicatum
1524 1685 1646 1738 tum
1685 1680 2054 1754 portabatur,
2117 1680 2210 1739 cui
2248 1679 2457 1753 Lysios
2495 1695 2698 1738 nomen

489 1784 642 1851 erat,
704 1796 877 1852 quem·
919 1779 1163 1854 Pythiae
1211 1778 1428 1837 monitu
1468 1778 1696 1838 Phanes
1736 1777 1948 1838 Thebis
1996 1778 2297 1851 Sicyonem
2344 1778 2699 1837 transtulisse

485 1875 795 1938 ferebatur.

644 1975 746 2033 sed
784 1990 897 2032 non
936 1973 1132 2033 Liberi
1170 1972 1339 2031 unius
1378 1972 1540 2047 signa
1576 1973 1688 2031 hoc
1725 1974 1941 2033 honore
1981 1973 2190 2033 affecta
2227 1977 2384 2032 sunt:
2466 1975 2699 2036 Mesoae

489 2073 637 2131 enim
677 2072 902 2130 Dianae
942 2070 1284 2129 Limnatidis
1325 2070 1692 2129 simulacrum
1732 2072 1993 2131 exstabat
2029 2071 2295 2145 ligneum,
2337 2072 2487 2144 quod
2526 2076 2699 2131 antea

490 2169 932 2229 Lacedaemonii
990 2168 1386 2242 possederant,
1449 2173 1572 2227 tum
1632 2173 1822 2228 autem
1882 2187 1921 2228 a
1967 2170 2264 2244 Preugene
2332 2169 2698 2229 subveniente

491 2284 653 2326 servo
694 2267 941 2339 quodam
979 2265 1308 2326 fidelissimo
1336 2283 1406 2326 ex
1434 2267 1559 2326 visu
1584 2267 1657 2326 iis
1685 2272 1945 2340 ereptum
1971 2273 2031 2327 et
2055 2269 2310 2328 Mesoam
2338 2268 2697 2342 deportatum

489 2368 634 2425 erat.
647 2359 697 2440 ⁶)
776 2364 1038 2437 idemque
1098 2364 1208 2424 hoc
1257 2364 1483 2438 signum
1539 2365 1600 2422 in
1653 2365 1745 2424 die
1794 2366 2021 2425 Dianae
2081 2365 2226 2425 festo
2275 2382 2312 2424 a
2351 2382 2515 2425 servo
2556 2367 2698 2426 deae

488 2463 546 2520 in
585 2462 836 2535 priscum
868 2461 1172 2522 Patrarum
1212 2462 1372 2522 urbis
1411 2463 1601 2521 lucum
1631 2462 2019 2523 deducebatur
2044 2464 2350 2524 comitante
2378 2465 2498 2523 sine
2524 2464 2693 2523 dubio

483 2576 691 2633 magno
749 2559 1061 2618 incolarum
1119 2576 1373 2618 numero,
1468 2560 1756 2632 similique
1804 2562 2026 2620 ratione
2076 2561 2248 2620 certis
2298 2561 2496 2621 diebus
2547 2563 2696 2622 Pro-

486 2658 747 2731 serpinae
814 2658 1033 2730 signum
1092 2656 1342 2731 ligneum
1409 2675 1480 2717 ex
1539 2659 1688 2717 Helo
1755 2658 1898 2718 urbe
1955 2660 2017 2718 in
2080 2659 2307 2719 Cereris
2367 2659 2696 2719 Eleusiniae

485 2757 757 2829 templum
796 2755 856 2812 in
896 2754 1033 2827 iugo
1076 2755 1323 2828 Taygeti
1361 2755 1532 2814 situm
1573 2755 1959 2818 deferebatur.
1973 2757 2019 2832 ⁷)

641 2854 927 2912 interdum
969 2853 1141 2912 etiam
1182 2852 1256 2911 ad
1295 2853 1557 2912 arborem
1595 2870 1862 2928 pompam
1889 2855 2164 2914 directam
2192 2871 2315 2913 esse
2343 2860 2693 2927 compertum

483 2953 771 3012 habemus,
852 2951 1142 3024 Tyrrheni
1191 2952 1341 3010 enim
1389 2952 1673 3024 quondam
1724 2969 1795 3012 ex
1844 2952 1890 3012 J
1890 2953 2092 3012 unonis
2139 2954 2353 3027 templo
2394 2951 2549 3011 Sami
2590 2969 2691 3011 ex-

491 3055 711 3109 structo
752 3049 1116 3109 simulacrum
1157 3049 1298 3109 deae
1338 3049 1617 3123 eripuisse
1655 3049 2013 3118 ferebantur3
2055 3051 2164 3108 hoc
2203 3055 2395 3110 autem
2423 3066 2551 3109 cum
2572 3055 2691 3109 tam

481 3164 658 3221 grave
696 3148 880 3220 fieret,
921 3152 989 3204 ut
1026 3163 1228 3206 navem
1268 3147 1355 3204 illi
1394 3164 1623 3206 movere
1663 3164 1775 3205 non
1815 3153 2065 3220 possent,
2106 3149 2167 3206 in
2208 3149 2451 3206 insulam
2492 3165 2690 3207 rursus

483 3246 822 3303 retulerunt.
904 3245 1080 3303 Samii
1139 3245 1362 3304 interea
1421 3246 1518 3316 qui
1567 3251 1910 3317 quaererent
1958 3246 2184 3319 signum
2234 3247 2563 3306 emiserant:
2629 3247 2694 3304 hi

483 3348 673 3401 autem
729 3357 856 3400 cum
905 3341 1248 3415 reperissent
1296 3340 1684 3415 simulacrum,
1750 3343 1912 3401 salici
1964 3351 2348 3417 apposuerunt
2395 3348 2692 3415 totumque

481 3439 654 3498 ramis
691 3442 972 3510 texerunt,
1015 3439 1168 3497 ultro
1193 3438 1419 3511 signum
1444 3439 1555 3498 huc
1581 3440 1859 3513 migrasse
1884 3440 2225 3511 iudicantes;
2270 3440 2513 3499 Admete
2551 3421 2689 3501 yero

481 3536 746 3596 sacerdos
786 3553 915 3594 cum
955 3552 1149 3594 veram
1188 3536 1563 3595 intellexisset
1605 3553 1837 3596 causam
1876 3538 1940 3596 in
1978 3539 2249 3611 templum
2288 3538 2431 3597 illud
2457 3539 2689 3598 reduxit

484 3639 544 3692 et
583 3635 765 3694 denuo
806 3634 1173 3695 consecravit.
1244 3651 1317 3693 ex
1354 3634 1456 3693 illo
1507 3639 1701 3693 autem
1740 3640 1997 3709 tempore
2039 3637 2311 3695 sollemne
2350 3636 2506 3695 Sami
2544 3638 2689 3696 cele-

622 3830 664 3933 ζ)
702 3829 791 3883 vel
826 3827 1067 3883 auctoris
1105 3843 1172 3882 ex
1210 3828 1366 3883 cuius
1403 3844 1570 3899 opere
1607 3829 1713 3885 hoc
1749 3830 2058 3901 descripsit.

621 3901 665 4040 ³3
699 3899 941 4026 {³3:335
966 3898 1293 4025 lxnvezgre}
1317 3971 1500 4042 urbes,
1536 3972 1684 4027 unde
1708 3974 2088 4043 pervetustum
2110 3972 2280 4029 fuisse
2307 3974 2452 4030 hunc
2479 3975 2687 4031 cultum

619 4113 665 4181 ⁴)
701 4113 863 4169 Paus.
902 4112 1005 4167 vn
1042 4115 1128 4182 21,
1166 4115 1214 4169 6.

619 4186 662 4254 5)
702 4183 864 4239 Paus.
900 4183 956 4239 Π
993 4186 1043 4252 7,
1081 4186 1131 4239 5.

618 4255 666 4396 ‘³3
701 4254 941 4382 {guzr
974 4254 1077 4381 ΒΨ
1223 4258 1287 4382 7⁸.-
