3226 5078
1463 553 1905 657 '‘52''ss

572 754 893 808 statuarum
944 747 1022 807 ad
1063 763 1192 808 eum
1232 748 1485 807 delatam
1524 762 1658 806 esse
1695 764 1731 806 a
1770 746 1958 806 Dione
1997 745 2405 820 Chrysostomo
2418 746 2463 822 ¹)
2504 746 2796 817 discimus,

574 862 713 906 cave
751 850 948 905 tamen
989 845 1125 905 inde
1167 845 1418 919 colligas,
1459 845 1667 906 statuis
1707 861 1932 919 quoque
1971 851 2076 904 aut
2103 844 2504 907 conservandis
2532 848 2636 903 aut
2661 860 2796 917 pur-

570 943 781 1018 gandis
824 958 956 1002 eum
995 943 1368 1002 consuluisse:
1431 958 1577 1001 unus
1640 943 1791 1001 enim
1849 943 2165 1020 imperator
2190 941 2492 1015 providere
2525 941 2669 1001 'huic
2706 942 2796 1001 rei

570 1057 642 1101 ne
680 1040 913 1100 minime
945 1040 1192 1113 -quidem
1230 1044 1477 1113 poterat,
1520 1057 1650 1100 cum
1687 1045 1779 1099 tot
1816 1040 1917 1098 illo
1957 1046 2221 1115 tempore
2259 1039 2457 1100 Rhodi
2499 1043 2795 1098 exstarent

572 1139 735 1211 signa
772 1152 952 1197 aenea
1002 1144 1175 1210 atque
1213 1138 1275 1196 in
1316 1138 1524 1197 ceteris
1564 1138 1823 1197 omnibus
1849 1137 2132 1198 Graeciae
2160 1137 2415 1210 urbibus,
2457 1137 2509 1196 si
2548 1136 2796 1195 Aristidi

573 1235 922 1297 confidimus.
936 1234 983 1310 ²)
1039 1236 1212 1294 etiam
1259 1235 1354 1293 hic
1401 1235 1578 1308 igitur
1603 1235 1705 1309 qui
1728 1236 1856 1295 loco
1884 1235 2060 1295 alicui
2086 1239 2393 1309 praeerant
2418 1235 2795 1308 magistratus

567 1335 869 1409 signorum
913 1332 978 1390 in
1010 1332 1112 1390 illo
1153 1332 1468 1405 positorum
1506 1332 1790 1392 rationem
1828 1332 2100 1392 habuisse
2138 1332 2476 1393 iudicamus.

732 1431 1024 1504 singulare
1070 1429 1255 1502 igitur
1303 1434 1409 1502 est,
1460 1429 1511 1488 si
1558 1446 1595 1489 a
1644 1430 1938 1503 Cyzicenis
1983 1429 2291 1490 architecti
2328 1436 2446 1489 tres
2493 1429 2797 1488 constituti

573 1528 816 1604 3131113),
849 1528 925 1586 ad
952 1543 1095 1600 quos
1122 1526 1350 1611 aedium
1367 1525 1726 1600 publicarum
1751 1527 2373 1601 instrumentorumque
2393 1543 2539 1599 quae
2565 1528 2795 1586 inerant

572 1643 711 1686 cura
751 1625 952 1685 delata
991 1629 1142 1684 erat:
1187 1624 1569 1700 colligendum
1611 1625 1764 1683 enim
1779 1625 1923 1684 inde
1949 1625 2195 1694 videtur,
2236 1625 2404 1699 signa
2429 1642 2650 1698 quoque
2676 1601 2792 1686 11113

571 1724 715 1784 10313
761 1724 953 1797 posita
993 1722 1247 1782 curanda
1285 1723 1357 1782 iis
1396 1723 1640 1783 tradita
1655 1739 1795 1783 esse.
1808 1722 1855 1798 ⁴)
2823 1801 2828 1806 .

736 1821 788 1879 31
847 1821 1047 1881 deinde
1104 1823 1338 1880 locorum
1386 1837 1659 1880 sacrorum
1706 1822 1986 1880 rationem
2025 1820 2323 1892 habemus,
2375 1823 2583 1880 statuis
2621 1823 2684 1880 in
2722 1823 2799 1882 iis

578 1919 875 1979 collocatis
902 1919 1192 1977 interdum
1218 1936 1256 1978 a
1279 1920 1576 1993 republica
1601 1920 1892 1994 provisum
1932 1936 2056 1980 esse
2095 1925 2350 1988 constat3
2393 1922 2494 1981 sed
2531 1921 2648 1981 hoc
2686 1898 2802 1983 non

580 2017 691 2076 nisi
729 2017 790 2074 in
831 2013 1404 2089 magnificentissimis
1439 2022 1613 2090 atque
1638 2018 2065 2091 pretiosissimis
2091 2019 2412 2078 simulacris
2436 2018 2651 2079 factum
2677 2037 2804 2081 3333

579 2114 828 2173 11113131.
912 2113 1070 2173 13131
1109 2114 1418 2173 memoriae
1456 2114 1566 2174 hoc
1605 2115 1899 2188 proditum
1940 2120 2029 2175 est
2068 2115 2141 2175 de
2167 2115 2213 2174 J
2214 2116 2335 2175 ovis
2362 2117 2670 2177 simulacro
2697 2118 2802 2178 illo

579 2212 798 2285 ingenti
849 2211 1149 2284 Olympiae
1209 2211 1508 2270 collocato.
1612 2218 1674 2271 et
1720 2212 2040 2273 Pausanias
2098 2214 2334 2286 quidem
2381 2219 2584 2273 auctor
2633 2221 2723 2276 est
2732 2215 2799 2292 ⁵),

582 2314 771 2370 certos
821 2309 987 2367 modo
1037 2308 1272 2368 adhoc
1318 2309 1685 2399 simulacqim
1734 2311 1968 2384 pulvere
2017 2318 2191 2384 atque
2232 2310 2402 2374 sorde
2441 2315 2805 2387 purgandum

582 2410 655 2468 ab
704 2407 866 2467 Eleis
927 2406 1251 2479 designatos
1313 2411 1437 2466 esse
1494 2400 1998 2487 11103.”φαιδυντὰς
2048 2410 2398 2483 appellatos:
2444 2403 2609 2470 'nulli
2651 2412 2805 2471 enim

579 2522 829 2580 unquam
890 2505 971 2566 ali
1030 2505 1143 2566 nisi
1193 2521 1265 2565 ex
1304 2505 1545 2567 Phidiae
1592 2507 1841 2580 posteris
1888 2507 1990 2567 uni
2037 2508 2149 2569 hoc
2197 2525 2404 2569 munus
2445 2510 2805 2571 commissum

581 2622 722 2665 esse.
805 2620 1148 2677 quamquam
1188 2610 1380 2664 autem
1420 2604 1746 2665 Pausanias
1776 2605 1887 2665 hoc
1925 2607 2056 2666 1030
2097 2606 2207 2668 1103
2243 2608 2414 2668 1110ᾱο
2440 2610 2513 2667 ab
2540 2609 2702 2669 Eleis
2728 2610 2804 2669 ad

580 2718 680 2762 eos
720 2702 979 2761 delatum
1019 2718 1141 2762 esse
1182 2700 1431 2762 officium
1468 2702 1570 2776 ait,
1615 2708 1681 2761 ut
1701 2702 1872 2763 Jovis
1912 2704 2131 2777 signum
2175 2704 2281 2765 ἀπὸ
2313 2708 2424 2764 τῶν
2461 2707 2805 2785 προσιζανόν-

585 2822 696 2857 των
736 2798 1013 2877 καθαίρειν
1052 2800 1125 2858 113
1162 2800 1382 2873 1133131,
1426 2804 1633 2860 tamen
1659 2803 1788 2861 oleo
1829 2819 2055 2875 quoque
2095 2804 2233 2876 quin
2273 2804 2348 2863 ab
2385 2804 2589 2864 iisdem
2627 2805 2803 2864 simu-

584 2897 805 2955 lacrum
845 2895 1134 2970 perfusum
1174 2896 1268 2969 sit,
1313 2896 1548 2956 dubium
1589 2914 1713 2959 esse
1749 2915 1862 2959 non
1888 2907 2095 2975 potest,
2139 2918 2254 2976 qua
2280 2904 2353 2962 de
2379 2919 2445 2963 re
2469 2904 2641 2976 paulo
2671 2909 2807 2962 ante

583 2994 966 3067 exposuimus.
979 2992 1029 3070 ὅ)
1046 3043 1050 3046 .

730 3196 773 3266 1)
811 3212 890 3252 or.
926 3196 1100 3252 xxxi
1136 3193 1229 3268 pp.
1269 3199 1372 3253 594
1410 3227 1479 3238 —
1516 3199 1620 3255 605
1643 3187 1727 3239 ’-
1766 3201 1886 3256 637.

727 3286 772 3355 ²)
811 3287 950 3344 orat.
985 3284 1166 3342 XLIII
1202 3303 1257 3357 p.
1295 3287 1415 3343 540.
1989 3287 1996 3296 “

729 3375 771 3445 ³)
812 3374 991 3431 Strab.
1026 3391 1082 3445 p.
1120 3376 1241 3432 575.

725 3463 770 3534 ⁴)
811 3463 1124 3519 Tarracone
1160 3465 1361 3521 summi
1384 3466 1592 3522 ordinis
1628 3467 1808 3523 virum
1830 3468 2052 3538 publice
2076 3470 2316 3527 electum
2340 3488 2465 3528 esse
2486 3490 2603 3532 non
2626 3475 2812 3544 taceo,
2814 3479 2820 3485 ’

586 3553 682 3625 qui
718 3553 830 3610 divi
864 3552 1133 3609 Hadriani
1167 3555 1366 3611 statuis
1402 3557 1722 3612 consuleret
1755 3559 2146 3615 conservandis
2186 3560 2413 3628 (Friedl.
2461 3562 2685 3632 sitteng.
2722 3561 2808 3618 111

584 3658 640 3711 p.
678 3643 829 3711 213);
869 3642 969 3698 sed
1005 3643 1111 3699 hoc
1145 3660 1370 3717 quoque
1402 3645 1733 3701 inusitatum
1753 3643 1926 3702 fuisse
1949 3664 2113 3706 nemo
2136 3666 2253 3705 11011
2275 3650 2441 3706 videt.
2500 3651 2806 3721 posteriori

584 3729 783 3785 deinde
807 3746 944 3786 aevo
968 3731 1028 3785 in
1049 3732 1348 3803 provinciis
1373 3734 1722 3790 curatoribus
1745 3751 1935 3790 rerum
1956 3730 2304 3806 publicarum
2328 3754 2462 3793 cura
2484 3740 2803 3794 statuarum

579 3818 998 3890 imaginumque
1039 3820 1290 3878 iniuncta
1330 3821 1508 3879 fuisse
1544 3822 1789 3895 videtur,
1853 3822 1951 3881 cfr.
1986 3824 2242 3895 Bocking'
2281 3827 2440 3883 notit.
2480 3826 2630 3898 dign.
2668 3827 2724 3882 11
2772 3832 2799 3883 1

583 3923 637 3978 p.
677 3909 797 3963 201.

728 3996 772 4066 ⁵)
805 3994 967 4052 Paus.
1004 3996 1053 4052 V
1093 4001 1181 4069 14,
1214 4000 1263 4055 5.

727 4083 771 4155 ⁶)
811 4101 949 4157 quos
984 4085 1332 4159 phaedyntas
1368 4104 1481 4145 non
1514 4090 1574 4145 in
1610 4091 1810 4161 exiguo
1845 4091 2056 4148 honore
2091 4108 2127 4147 a
2162 4090 2391 4149 Graecis
2426 4093 2646 4150 habitos
2683 4110 2807 4150 esse

583 4174 697 4229 iam
730 4173 861 4229 inde
898 4172 1146 4247 colligas,
1183 4176 1332 4247 quod
1354 4177 1592 4234 Athenis
1628 4180 1687 4234 in
1710 4178 1897 4236 Liberi
1931 4180 2150 4237 theatro
2189 4184 2340 4238 certa
2372 4183 2442 4239 iis
2479 4182 2651 4239 sedes·
2677 4199 2805 4239 con-

583 4263 780 4319 stituta
816 4265 937 4319 erat
973 4262 1056 4334 (C.
1083 4263 1127 4321 Ι.
1149 4265 1230 4336 {A-
1268 4264 1352 4320 III
1385 4269 1530 4337 283).
1577 4268 1653 4323 ali
1687 4269 1854 4325 etiam
1889 4286 1920 4325 e
1954 4286 2186 4327 numero
2224 4288 2415 4329 eorum
2450 4274 2693 4329 statuam
2732 4274 2807 4329 ab
